timestamp;buyer;seller;symbol;currency;price;quantity
0;;;STRAWBERRIES;SEASHELLS;3957;10
0;;SUBMISSION;COCONUT;SEASHELLS;9883;19
0;SUBMISSION;;COCONUT_COUPON;SEASHELLS;575;15
0;SUBMISSION;;COCONUT_COUPON;SEASHELLS;575;21
0;SUBMISSION;;COCONUT_COUPON;SEASHELLS;575;2
100;;SUBMISSION;COCONUT;SEASHELLS;9885;20
100;SUBMISSION;;AMETHYSTS;SEASHELLS;9998;1
100;SUBMISSION;;COCONUT_COUPON;SEASHELLS;576;1
100;SUBMISSION;;COCONUT_COUPON;SEASHELLS;576;20
100;SUBMISSION;;COCONUT_COUPON;SEASHELLS;576;18
200;;;COCONUT;SEASHELLS;9884;6
200;;SUBMISSION;COCONUT;SEASHELLS;9884;20
200;;;STRAWBERRIES;SEASHELLS;3957;5
200;;;ROSES;SEASHELLS;13713;1
200;SUBMISSION;;COCONUT_COUPON;SEASHELLS;576;26
200;SUBMISSION;;COCONUT_COUPON;SEASHELLS;576;15
300;SUBMISSION;;COCONUT_COUPON;SEASHELLS;578;13
300;;SUBMISSION;COCONUT;SEASHELLS;9886;21
300;;;CHOCOLATE;SEASHELLS;7835;6
300;SUBMISSION;;COCONUT_COUPON;SEASHELLS;578;27
300;SUBMISSION;;COCONUT_COUPON;SEASHELLS;578;1
400;SUBMISSION;;COCONUT_COUPON;SEASHELLS;577;18
400;;SUBMISSION;COCONUT;SEASHELLS;9884;18
400;;SUBMISSION;STARFRUIT;SEASHELLS;4911;1
500;;SUBMISSION;AMETHYSTS;SEASHELLS;10002;6
500;;;COCONUT_COUPON;SEASHELLS;577;5
500;;;COCONUT_COUPON;SEASHELLS;577;14
500;;;CHOCOLATE;SEASHELLS;7831;5
500;;;COCONUT_COUPON;SEASHELLS;577;19
600;;;CHOCOLATE;SEASHELLS;7832;8
700;;SUBMISSION;AMETHYSTS;SEASHELLS;10002;4
700;;;CHOCOLATE;SEASHELLS;7831;5
700;;SUBMISSION;ORCHIDS;SEASHELLS;1102;9
800;;;COCONUT;SEASHELLS;9885;1
900;;;COCONUT_COUPON;SEASHELLS;576;5
1000;SUBMISSION;;COCONUT_COUPON;SEASHELLS;577;16
1000;;SUBMISSION;COCONUT;SEASHELLS;9885;14
1000;;;STRAWBERRIES;SEASHELLS;3957;9
1000;SUBMISSION;;COCONUT_COUPON;SEASHELLS;577;2
1000;SUBMISSION;;COCONUT_COUPON;SEASHELLS;577;10
1100;SUBMISSION;;STARFRUIT;SEASHELLS;4910;3
1100;SUBMISSION;;AMETHYSTS;SEASHELLS;10000;3
1100;;SUBMISSION;COCONUT;SEASHELLS;9885;24
1100;SUBMISSION;;COCONUT_COUPON;SEASHELLS;577;29
1100;;;STARFRUIT;SEASHELLS;4907;1
1100;SUBMISSION;;COCONUT_COUPON;SEASHELLS;577;17
1100;SUBMISSION;;COCONUT_COUPON;SEASHELLS;577;2
1200;;;STARFRUIT;SEASHELLS;4907;1
1200;SUBMISSION;;AMETHYSTS;SEASHELLS;9999;6
1200;SUBMISSION;;COCONUT_COUPON;SEASHELLS;576;2
1200;;SUBMISSION;COCONUT;SEASHELLS;9884;18
1200;SUBMISSION;;COCONUT_COUPON;SEASHELLS;576;11
1200;SUBMISSION;;COCONUT_COUPON;SEASHELLS;576;22
1300;;;COCONUT_COUPON;SEASHELLS;574;15
1300;SUBMISSION;;COCONUT_COUPON;SEASHELLS;575;2
1300;;;COCONUT_COUPON;SEASHELLS;574;5
1300;;SUBMISSION;COCONUT;SEASHELLS;9884;15
1300;;;COCONUT_COUPON;SEASHELLS;574;8
1300;;;COCONUT_COUPON;SEASHELLS;574;0
1300;SUBMISSION;;COCONUT_COUPON;SEASHELLS;575;15
1300;SUBMISSION;;COCONUT_COUPON;SEASHELLS;575;14
1300;;SUBMISSION;ORCHIDS;SEASHELLS;1104;6
1300;;;STRAWBERRIES;SEASHELLS;3958;12
1400;;;STARFRUIT;SEASHELLS;4912;1
1400;SUBMISSION;;COCONUT_COUPON;SEASHELLS;576;29
1400;;SUBMISSION;COCONUT;SEASHELLS;9882;23
1400;SUBMISSION;;COCONUT_COUPON;SEASHELLS;576;2
1400;SUBMISSION;;COCONUT_COUPON;SEASHELLS;576;14
1500;SUBMISSION;;COCONUT_COUPON;SEASHELLS;576;20
1500;;;GIFT_BASKET;SEASHELLS;69125;5
1500;SUBMISSION;;COCONUT_COUPON;SEASHELLS;576;18
1500;SUBMISSION;;STARFRUIT;SEASHELLS;4907;4
1500;SUBMISSION;;AMETHYSTS;SEASHELLS;9998;5
1500;;SUBMISSION;COCONUT;SEASHELLS;9883;19
1600;SUBMISSION;;COCONUT_COUPON;SEASHELLS;575;1
1600;SUBMISSION;;COCONUT_COUPON;SEASHELLS;575;20
1600;;;COCONUT;SEASHELLS;9882;6
1600;;SUBMISSION;COCONUT;SEASHELLS;9882;24
1600;SUBMISSION;;COCONUT_COUPON;SEASHELLS;575;27
1700;SUBMISSION;;STARFRUIT;SEASHELLS;4908;2
1700;;;GIFT_BASKET;SEASHELLS;69156;6
1700;SUBMISSION;;AMETHYSTS;SEASHELLS;9996;2
1700;SUBMISSION;;AMETHYSTS;SEASHELLS;9998;6
1800;;SUBMISSION;AMETHYSTS;SEASHELLS;10002;1
1900;;SUBMISSION;AMETHYSTS;SEASHELLS;10002;1
1900;;;ROSES;SEASHELLS;13690;2
1900;;;CHOCOLATE;SEASHELLS;7831;7
2000;;SUBMISSION;AMETHYSTS;SEASHELLS;10002;1
2000;;;ROSES;SEASHELLS;13686;6
2100;;;AMETHYSTS;SEASHELLS;9998;1
2300;;SUBMISSION;STARFRUIT;SEASHELLS;4912;15
2400;;SUBMISSION;STARFRUIT;SEASHELLS;4912;8
2500;;;COCONUT;SEASHELLS;9882;7
2600;;;COCONUT;SEASHELLS;9882;9
2700;;SUBMISSION;STARFRUIT;SEASHELLS;4911;5
3000;;SUBMISSION;AMETHYSTS;SEASHELLS;10003;7
3000;;SUBMISSION;AMETHYSTS;SEASHELLS;10002;1
3200;;;STARFRUIT;SEASHELLS;4911;1
3300;;;CHOCOLATE;SEASHELLS;7831;5
3400;;SUBMISSION;AMETHYSTS;SEASHELLS;10002;1
3600;;SUBMISSION;AMETHYSTS;SEASHELLS;10002;3
3600;;;STARFRUIT;SEASHELLS;4910;1
3600;;;CHOCOLATE;SEASHELLS;7828;7
3600;;;STARFRUIT;SEASHELLS;4910;4
3800;;SUBMISSION;AMETHYSTS;SEASHELLS;10004;2
3800;;SUBMISSION;AMETHYSTS;SEASHELLS;10002;1
3800;;;CHOCOLATE;SEASHELLS;7828;5
3800;;;STARFRUIT;SEASHELLS;4912;2
3900;SUBMISSION;;AMETHYSTS;SEASHELLS;9998;1
4200;;;GIFT_BASKET;SEASHELLS;69121;2
4300;SUBMISSION;;STARFRUIT;SEASHELLS;4907;5
4400;SUBMISSION;;COCONUT_COUPON;SEASHELLS;574;15
4400;SUBMISSION;;COCONUT_COUPON;SEASHELLS;574;12
4400;;SUBMISSION;COCONUT;SEASHELLS;9880;13
4500;;;STARFRUIT;SEASHELLS;4906;1
4500;;SUBMISSION;STARFRUIT;SEASHELLS;4911;1
4500;SUBMISSION;;COCONUT_COUPON;SEASHELLS;574;1
4500;SUBMISSION;;COCONUT_COUPON;SEASHELLS;574;20
4500;;SUBMISSION;AMETHYSTS;SEASHELLS;10003;1
4500;;SUBMISSION;COCONUT;SEASHELLS;9881;25
4500;SUBMISSION;;COCONUT_COUPON;SEASHELLS;574;29
4500;;;STRAWBERRIES;SEASHELLS;3955;9
4600;SUBMISSION;;COCONUT_COUPON;SEASHELLS;574;20
4600;;SUBMISSION;COCONUT;SEASHELLS;9882;19
4600;SUBMISSION;;COCONUT_COUPON;SEASHELLS;574;14
4600;SUBMISSION;;COCONUT_COUPON;SEASHELLS;574;2
4700;;SUBMISSION;COCONUT;SEASHELLS;9883;8
4700;SUBMISSION;;COCONUT_COUPON;SEASHELLS;575;16
4800;;;CHOCOLATE;SEASHELLS;7827;8
4900;SUBMISSION;;AMETHYSTS;SEASHELLS;9996;11
5000;;SUBMISSION;AMETHYSTS;SEASHELLS;10002;2
5000;;;AMETHYSTS;SEASHELLS;10002;1
5100;SUBMISSION;;AMETHYSTS;SEASHELLS;9998;1
5300;;;COCONUT_COUPON;SEASHELLS;573;12
5300;;;STRAWBERRIES;SEASHELLS;3954;6
5400;;SUBMISSION;AMETHYSTS;SEASHELLS;10003;10
5400;;;ROSES;SEASHELLS;13689;4
5400;;SUBMISSION;AMETHYSTS;SEASHELLS;10002;1
5500;;SUBMISSION;AMETHYSTS;SEASHELLS;10002;1
5600;;SUBMISSION;STARFRUIT;SEASHELLS;4911;2
5600;;;STRAWBERRIES;SEASHELLS;3953;6
5600;;SUBMISSION;AMETHYSTS;SEASHELLS;10001;2
5700;;;STARFRUIT;SEASHELLS;4907;1
5700;;;ROSES;SEASHELLS;13692;5
5800;SUBMISSION;;AMETHYSTS;SEASHELLS;9998;1
5900;;;COCONUT;SEASHELLS;9881;1
5900;;;STARFRUIT;SEASHELLS;4908;1
6100;;;CHOCOLATE;SEASHELLS;7830;5
6200;;;COCONUT;SEASHELLS;9881;8
6200;;;CHOCOLATE;SEASHELLS;7831;5
6300;;;GIFT_BASKET;SEASHELLS;69134;3
6400;SUBMISSION;;COCONUT_COUPON;SEASHELLS;566;3
6400;;;STRAWBERRIES;SEASHELLS;3952;4
6400;;;COCONUT_COUPON;SEASHELLS;565;15
6500;;;COCONUT;SEASHELLS;9876;10
6800;;;AMETHYSTS;SEASHELLS;10002;2
6800;;;STARFRUIT;SEASHELLS;4914;1
6800;;;AMETHYSTS;SEASHELLS;10002;1
6900;;;STARFRUIT;SEASHELLS;4909;1
7000;;;COCONUT;SEASHELLS;9872;9
7000;;;STRAWBERRIES;SEASHELLS;3951;3
7100;;;STRAWBERRIES;SEASHELLS;3951;6
7100;;;CHOCOLATE;SEASHELLS;7828;10
7200;;SUBMISSION;STARFRUIT;SEASHELLS;4914;1
7500;;SUBMISSION;AMETHYSTS;SEASHELLS;10002;1
7600;SUBMISSION;;STARFRUIT;SEASHELLS;4912;15
7600;;SUBMISSION;STARFRUIT;SEASHELLS;4915;1
7700;;SUBMISSION;AMETHYSTS;SEASHELLS;10002;2
7900;;SUBMISSION;STARFRUIT;SEASHELLS;4915;1
8100;;SUBMISSION;STARFRUIT;SEASHELLS;4914;1
8100;;SUBMISSION;AMETHYSTS;SEASHELLS;10004;1
8300;;;ROSES;SEASHELLS;13710;4
8300;;;COCONUT_COUPON;SEASHELLS;561;19
8300;;SUBMISSION;AMETHYSTS;SEASHELLS;10002;1
8400;;;AMETHYSTS;SEASHELLS;9998;2
8400;SUBMISSION;;AMETHYSTS;SEASHELLS;9998;1
8400;;;COCONUT;SEASHELLS;9871;8
8500;SUBMISSION;;COCONUT;SEASHELLS;9872;1
8600;;;ROSES;SEASHELLS;13718;1
8600;;SUBMISSION;COCONUT;SEASHELLS;9873;1
8700;;;AMETHYSTS;SEASHELLS;10002;1
8700;;SUBMISSION;STARFRUIT;SEASHELLS;4913;1
8800;SUBMISSION;;AMETHYSTS;SEASHELLS;9999;11
8900;SUBMISSION;;COCONUT;SEASHELLS;9872;1
9000;SUBMISSION;;AMETHYSTS;SEASHELLS;9998;7
9400;;;STRAWBERRIES;SEASHELLS;3952;9
9400;;SUBMISSION;AMETHYSTS;SEASHELLS;10002;1
9400;;;COCONUT;SEASHELLS;9869;9
9500;;;COCONUT_COUPON;SEASHELLS;561;9
9700;;SUBMISSION;STARFRUIT;SEASHELLS;4911;1
9700;;SUBMISSION;COCONUT;SEASHELLS;9871;1
9800;;SUBMISSION;AMETHYSTS;SEASHELLS;10002;1
9800;;;CHOCOLATE;SEASHELLS;7833;6
9900;;SUBMISSION;STARFRUIT;SEASHELLS;4911;7
9900;;;CHOCOLATE;SEASHELLS;7833;7
9900;;;STARFRUIT;SEASHELLS;4906;3
9900;;;ROSES;SEASHELLS;13724;4
10000;;;STARFRUIT;SEASHELLS;4910;1
10000;SUBMISSION;;STARFRUIT;SEASHELLS;4907;5
10100;;;COCONUT_COUPON;SEASHELLS;562;5
10100;;;COCONUT_COUPON;SEASHELLS;562;12
10100;;SUBMISSION;AMETHYSTS;SEASHELLS;10004;8
10300;;;AMETHYSTS;SEASHELLS;9998;4
10300;;;ROSES;SEASHELLS;13723;10
10400;;SUBMISSION;STARFRUIT;SEASHELLS;4910;1
10400;;;ROSES;SEASHELLS;13722;1
10500;;SUBMISSION;AMETHYSTS;SEASHELLS;10002;1
10500;;SUBMISSION;AMETHYSTS;SEASHELLS;10002;4
10600;;SUBMISSION;STARFRUIT;SEASHELLS;4909;2
10600;;;STRAWBERRIES;SEASHELLS;3953;8
10600;SUBMISSION;;STARFRUIT;SEASHELLS;4906;15
10600;;SUBMISSION;AMETHYSTS;SEASHELLS;10002;1
10700;SUBMISSION;;STARFRUIT;SEASHELLS;4906;14
10800;;;ROSES;SEASHELLS;13729;1
10900;;;COCONUT;SEASHELLS;9876;10
10900;;;COCONUT;SEASHELLS;9876;7
11100;;SUBMISSION;STARFRUIT;SEASHELLS;4910;1
11300;;;COCONUT_COUPON;SEASHELLS;566;14
11400;;SUBMISSION;ORCHIDS;SEASHELLS;1102;2
11500;;;ROSES;SEASHELLS;13724;2
11600;;;CHOCOLATE;SEASHELLS;7837;7
11600;;;ROSES;SEASHELLS;13726;5
11700;SUBMISSION;;STARFRUIT;SEASHELLS;4907;4
12100;;;CHOCOLATE;SEASHELLS;7837;8
12100;SUBMISSION;;STARFRUIT;SEASHELLS;4910;2
12500;;SUBMISSION;STARFRUIT;SEASHELLS;4911;1
12500;;SUBMISSION;AMETHYSTS;SEASHELLS;10003;1
12500;;;STRAWBERRIES;SEASHELLS;3952;10
12700;SUBMISSION;;AMETHYSTS;SEASHELLS;10000;4
12700;;;STARFRUIT;SEASHELLS;4907;1
12700;SUBMISSION;;STARFRUIT;SEASHELLS;4909;1
12700;;;STARFRUIT;SEASHELLS;4909;3
13000;;SUBMISSION;AMETHYSTS;SEASHELLS;10002;2
13000;;;CHOCOLATE;SEASHELLS;7838;8
13000;;;STRAWBERRIES;SEASHELLS;3951;8
13100;;;COCONUT;SEASHELLS;9887;8
13100;;;STRAWBERRIES;SEASHELLS;3951;3
13200;;SUBMISSION;STARFRUIT;SEASHELLS;4914;13
13300;;;COCONUT_COUPON;SEASHELLS;570;16
13300;;SUBMISSION;AMETHYSTS;SEASHELLS;10001;1
13300;;SUBMISSION;STARFRUIT;SEASHELLS;4914;1
13400;;;COCONUT_COUPON;SEASHELLS;569;8
13500;SUBMISSION;;STARFRUIT;SEASHELLS;4912;14
13500;;;COCONUT;SEASHELLS;9889;5
13500;;;ROSES;SEASHELLS;13738;1
13600;;SUBMISSION;STARFRUIT;SEASHELLS;4912;3
13600;;;AMETHYSTS;SEASHELLS;9998;1
13800;;;STRAWBERRIES;SEASHELLS;3952;4
13800;;;ROSES;SEASHELLS;13739;3
13900;;;COCONUT;SEASHELLS;9886;5
13900;;;CHOCOLATE;SEASHELLS;7843;8
13900;;SUBMISSION;ORCHIDS;SEASHELLS;1104;6
14100;SUBMISSION;;AMETHYSTS;SEASHELLS;9998;1
14100;;SUBMISSION;STARFRUIT;SEASHELLS;4913;1
14200;;;CHOCOLATE;SEASHELLS;7843;8
14200;;;STRAWBERRIES;SEASHELLS;3954;10
14300;;;STRAWBERRIES;SEASHELLS;3954;8
14300;;;AMETHYSTS;SEASHELLS;10002;1
14400;;;COCONUT;SEASHELLS;9885;10
14600;;SUBMISSION;STARFRUIT;SEASHELLS;4911;1
14600;;SUBMISSION;AMETHYSTS;SEASHELLS;10003;1
14700;SUBMISSION;;AMETHYSTS;SEASHELLS;9998;9
14700;;SUBMISSION;STARFRUIT;SEASHELLS;4912;2
14700;;;STARFRUIT;SEASHELLS;4912;1
15000;;;CHOCOLATE;SEASHELLS;7839;6
15000;SUBMISSION;;AMETHYSTS;SEASHELLS;9998;5
15100;SUBMISSION;;AMETHYSTS;SEASHELLS;9998;2
15100;;;COCONUT_COUPON;SEASHELLS;573;4
15100;;;COCONUT_COUPON;SEASHELLS;573;15
15200;;;STARFRUIT;SEASHELLS;4913;1
15300;;;COCONUT;SEASHELLS;9887;7
15300;;;COCONUT_COUPON;SEASHELLS;573;18
15700;;;COCONUT;SEASHELLS;9891;9
15800;;;COCONUT_COUPON;SEASHELLS;577;17
15900;;SUBMISSION;ORCHIDS;SEASHELLS;1104;3
15900;SUBMISSION;;STARFRUIT;SEASHELLS;4909;2
16000;SUBMISSION;;AMETHYSTS;SEASHELLS;9997;9
16000;;SUBMISSION;AMETHYSTS;SEASHELLS;10002;1
16100;;SUBMISSION;AMETHYSTS;SEASHELLS;10000;6
16500;;SUBMISSION;STARFRUIT;SEASHELLS;4913;1
16500;;;COCONUT_COUPON;SEASHELLS;581;18
16500;;;GIFT_BASKET;SEASHELLS;69226;1
16500;;;ROSES;SEASHELLS;13754;4
16500;;;COCONUT_COUPON;SEASHELLS;581;1
16600;;;STRAWBERRIES;SEASHELLS;3953;3
16700;;;STARFRUIT;SEASHELLS;4908;1
16700;SUBMISSION;;STARFRUIT;SEASHELLS;4908;6
16700;;;STARFRUIT;SEASHELLS;4908;3
16700;;SUBMISSION;AMETHYSTS;SEASHELLS;10002;1
16900;;;CHOCOLATE;SEASHELLS;7841;7
16900;;;AMETHYSTS;SEASHELLS;10002;8
16900;;SUBMISSION;AMETHYSTS;SEASHELLS;10002;4
16900;;SUBMISSION;STARFRUIT;SEASHELLS;4913;1
16900;;;STRAWBERRIES;SEASHELLS;3953;8
17000;;;COCONUT_COUPON;SEASHELLS;580;1
17000;;;COCONUT_COUPON;SEASHELLS;580;16
17100;;;STARFRUIT;SEASHELLS;4908;9
17100;SUBMISSION;;STARFRUIT;SEASHELLS;4908;1
17200;;SUBMISSION;AMETHYSTS;SEASHELLS;10002;1
17400;;;STARFRUIT;SEASHELLS;4908;1
17400;;;STRAWBERRIES;SEASHELLS;3952;9
17500;;;GIFT_BASKET;SEASHELLS;69187;2
17500;;;STARFRUIT;SEASHELLS;4908;1
17500;;SUBMISSION;AMETHYSTS;SEASHELLS;10003;1
17500;;;STARFRUIT;SEASHELLS;4908;2
17600;;;GIFT_BASKET;SEASHELLS;69194;1
17600;;;STARFRUIT;SEASHELLS;4907;12
17600;;SUBMISSION;AMETHYSTS;SEASHELLS;10002;1
17600;;;STRAWBERRIES;SEASHELLS;3951;6
17800;;;ROSES;SEASHELLS;13750;5
17800;;;STARFRUIT;SEASHELLS;4913;1
17900;;SUBMISSION;STARFRUIT;SEASHELLS;4913;1
17900;;;STARFRUIT;SEASHELLS;4907;12
18000;;;CHOCOLATE;SEASHELLS;7840;5
18000;;;ROSES;SEASHELLS;13754;2
18100;SUBMISSION;;COCONUT;SEASHELLS;9895;14
18100;;SUBMISSION;STARFRUIT;SEASHELLS;4913;3
18100;;SUBMISSION;COCONUT_COUPON;SEASHELLS;588;14
18100;;;STRAWBERRIES;SEASHELLS;3951;9
18100;;SUBMISSION;COCONUT_COUPON;SEASHELLS;588;19
18200;;;CHOCOLATE;SEASHELLS;7842;9
18300;SUBMISSION;;AMETHYSTS;SEASHELLS;9998;3
18400;;;STRAWBERRIES;SEASHELLS;3951;4
18700;;;STRAWBERRIES;SEASHELLS;3947;4
18900;SUBMISSION;;STARFRUIT;SEASHELLS;4907;1
18900;;;COCONUT_COUPON;SEASHELLS;583;16
19000;;;STARFRUIT;SEASHELLS;4906;1
19000;;;ROSES;SEASHELLS;13748;3
19000;;SUBMISSION;STARFRUIT;SEASHELLS;4911;15
19100;SUBMISSION;;COCONUT_COUPON;SEASHELLS;581;19
19100;;SUBMISSION;COCONUT;SEASHELLS;9893;14
19100;;;GIFT_BASKET;SEASHELLS;69180;1
19100;SUBMISSION;;COCONUT_COUPON;SEASHELLS;581;9
19200;;;STRAWBERRIES;SEASHELLS;3947;11
19300;;;COCONUT;SEASHELLS;9895;3
19300;;;COCONUT;SEASHELLS;9893;7
19300;;SUBMISSION;ORCHIDS;SEASHELLS;1100;3
19400;;;COCONUT;SEASHELLS;9892;6
19400;;;STRAWBERRIES;SEASHELLS;3947;5
19400;;SUBMISSION;STARFRUIT;SEASHELLS;4911;1
19600;;;CHOCOLATE;SEASHELLS;7843;6
19700;;;GIFT_BASKET;SEASHELLS;69193;1
19700;;;GIFT_BASKET;SEASHELLS;69192;6
19700;;;ROSES;SEASHELLS;13743;10
19800;;SUBMISSION;AMETHYSTS;SEASHELLS;10002;1
19900;;;CHOCOLATE;SEASHELLS;7843;7
20100;;;STARFRUIT;SEASHELLS;4907;1
20200;SUBMISSION;;AMETHYSTS;SEASHELLS;9998;1
20300;SUBMISSION;;STARFRUIT;SEASHELLS;4907;1
20400;SUBMISSION;;AMETHYSTS;SEASHELLS;9998;10
20400;;;ROSES;SEASHELLS;13739;5
20400;;;STRAWBERRIES;SEASHELLS;3949;9
20500;SUBMISSION;;AMETHYSTS;SEASHELLS;9999;2
20500;SUBMISSION;;STARFRUIT;SEASHELLS;4907;2
20600;;;AMETHYSTS;SEASHELLS;10002;1
20600;SUBMISSION;;STARFRUIT;SEASHELLS;4909;3
20700;;;STRAWBERRIES;SEASHELLS;3950;4
20700;;;ROSES;SEASHELLS;13747;2
20800;;SUBMISSION;STARFRUIT;SEASHELLS;4912;1
21000;SUBMISSION;;STARFRUIT;SEASHELLS;4908;1
21000;;;STRAWBERRIES;SEASHELLS;3951;10
21100;;SUBMISSION;STARFRUIT;SEASHELLS;4913;12
21100;;;STARFRUIT;SEASHELLS;4908;1
21200;;SUBMISSION;AMETHYSTS;SEASHELLS;10004;1
21200;;SUBMISSION;STARFRUIT;SEASHELLS;4912;1
21300;;;CHOCOLATE;SEASHELLS;7844;6
21400;;;COCONUT_COUPON;SEASHELLS;578;14
21500;;;ROSES;SEASHELLS;13757;4
21500;;SUBMISSION;AMETHYSTS;SEASHELLS;10002;1
21500;;;GIFT_BASKET;SEASHELLS;69232;2
21600;;;ROSES;SEASHELLS;13762;1
21600;SUBMISSION;;AMETHYSTS;SEASHELLS;9998;1
21900;;SUBMISSION;AMETHYSTS;SEASHELLS;10002;1
22200;;;ROSES;SEASHELLS;13765;10
22500;;;STRAWBERRIES;SEASHELLS;3950;6
22500;;;COCONUT_COUPON;SEASHELLS;581;13
22500;;;COCONUT;SEASHELLS;9896;3
22600;SUBMISSION;;AMETHYSTS;SEASHELLS;9997;7
22700;;;AMETHYSTS;SEASHELLS;9995;3
22700;;;STRAWBERRIES;SEASHELLS;3950;10
22900;;;STARFRUIT;SEASHELLS;4907;1
23000;;;ROSES;SEASHELLS;13764;5
23200;;;ROSES;SEASHELLS;13767;2
23300;;;STARFRUIT;SEASHELLS;4906;1
23400;;;STARFRUIT;SEASHELLS;4906;1
23400;;;AMETHYSTS;SEASHELLS;10002;1
23400;;;COCONUT_COUPON;SEASHELLS;586;11
23600;;;COCONUT;SEASHELLS;9895;7
23600;;SUBMISSION;AMETHYSTS;SEASHELLS;10002;1
23600;;;STARFRUIT;SEASHELLS;4910;1
23600;;;ROSES;SEASHELLS;13769;1
23700;;;COCONUT_COUPON;SEASHELLS;585;9
23900;SUBMISSION;;AMETHYSTS;SEASHELLS;9998;1
23900;;SUBMISSION;STARFRUIT;SEASHELLS;4910;1
24000;;SUBMISSION;STARFRUIT;SEASHELLS;4909;5
24100;;;CHOCOLATE;SEASHELLS;7840;10
24100;;SUBMISSION;AMETHYSTS;SEASHELLS;10002;9
24100;;;GIFT_BASKET;SEASHELLS;69311;4
24200;;;CHOCOLATE;SEASHELLS;7839;8
24200;;;STARFRUIT;SEASHELLS;4905;1
24300;;SUBMISSION;STARFRUIT;SEASHELLS;4910;1
24400;SUBMISSION;;AMETHYSTS;SEASHELLS;9998;4
24500;;SUBMISSION;AMETHYSTS;SEASHELLS;10000;3
24600;SUBMISSION;;AMETHYSTS;SEASHELLS;9998;1
24600;;;COCONUT_COUPON;SEASHELLS;585;16
24600;;;STRAWBERRIES;SEASHELLS;3956;10
24700;;;ROSES;SEASHELLS;13777;4
24700;;;COCONUT_COUPON;SEASHELLS;587;12
24800;;;ROSES;SEASHELLS;13776;11
24900;;;STRAWBERRIES;SEASHELLS;3954;8
24900;;;COCONUT_COUPON;SEASHELLS;586;20
24900;SUBMISSION;;AMETHYSTS;SEASHELLS;9998;1
25100;;;STRAWBERRIES;SEASHELLS;3954;10
25100;;;CHOCOLATE;SEASHELLS;7848;8
25100;;;COCONUT_COUPON;SEASHELLS;585;12
25100;;SUBMISSION;AMETHYSTS;SEASHELLS;10002;1
25200;;;STARFRUIT;SEASHELLS;4908;1
25300;;SUBMISSION;ORCHIDS;SEASHELLS;1096;6
25400;SUBMISSION;;STARFRUIT;SEASHELLS;4904;12
25400;;;AMETHYSTS;SEASHELLS;10002;1
25400;;;STARFRUIT;SEASHELLS;4908;4
25400;;SUBMISSION;STARFRUIT;SEASHELLS;4908;7
25400;;;COCONUT;SEASHELLS;9896;10
25400;;;ROSES;SEASHELLS;13784;1
25500;SUBMISSION;;STARFRUIT;SEASHELLS;4905;2
25500;;;COCONUT_COUPON;SEASHELLS;582;4
25500;;;STRAWBERRIES;SEASHELLS;3954;5
25500;SUBMISSION;;AMETHYSTS;SEASHELLS;9996;2
25600;;SUBMISSION;STARFRUIT;SEASHELLS;4908;5
25600;;;STARFRUIT;SEASHELLS;4908;5
25600;;;STARFRUIT;SEASHELLS;4909;1
25600;;;COCONUT_COUPON;SEASHELLS;584;9
25700;;;CHOCOLATE;SEASHELLS;7850;8
25700;;SUBMISSION;STARFRUIT;SEASHELLS;4909;1
25800;;SUBMISSION;AMETHYSTS;SEASHELLS;10002;1
25800;;;COCONUT_COUPON;SEASHELLS;584;12
25900;;;ROSES;SEASHELLS;13785;5
26100;;SUBMISSION;AMETHYSTS;SEASHELLS;10003;2
26100;;SUBMISSION;STARFRUIT;SEASHELLS;4908;2
26200;;;CHOCOLATE;SEASHELLS;7853;9
26400;;;COCONUT;SEASHELLS;9898;1
26500;SUBMISSION;;STARFRUIT;SEASHELLS;4905;4
26500;;;AMETHYSTS;SEASHELLS;10002;1
26600;;;STRAWBERRIES;SEASHELLS;3956;8
26700;SUBMISSION;;STARFRUIT;SEASHELLS;4905;2
26700;SUBMISSION;;AMETHYSTS;SEASHELLS;9999;2
26700;SUBMISSION;;STARFRUIT;SEASHELLS;4905;15
26900;;;GIFT_BASKET;SEASHELLS;69327;1
26900;;SUBMISSION;STARFRUIT;SEASHELLS;4909;10
26900;SUBMISSION;;AMETHYSTS;SEASHELLS;9998;5
26900;;SUBMISSION;STARFRUIT;SEASHELLS;4909;1
27100;;;STARFRUIT;SEASHELLS;4903;1
27100;SUBMISSION;;STARFRUIT;SEASHELLS;4904;8
27100;;;COCONUT_COUPON;SEASHELLS;586;16
27200;;;STARFRUIT;SEASHELLS;4904;1
27300;;;ROSES;SEASHELLS;13788;5
27300;;;COCONUT;SEASHELLS;9897;10
27500;;;COCONUT_COUPON;SEASHELLS;587;12
27500;SUBMISSION;;STARFRUIT;SEASHELLS;4906;5
27600;;;GIFT_BASKET;SEASHELLS;69296;2
27700;;SUBMISSION;STARFRUIT;SEASHELLS;4908;1
27900;;SUBMISSION;AMETHYSTS;SEASHELLS;10000;2
27900;;SUBMISSION;STARFRUIT;SEASHELLS;4906;2
28000;;;ROSES;SEASHELLS;13783;4
28000;;;STARFRUIT;SEASHELLS;4904;2
28000;;;COCONUT;SEASHELLS;9894;6
28100;;;STRAWBERRIES;SEASHELLS;3955;10
28100;;;COCONUT_COUPON;SEASHELLS;585;7
28200;;SUBMISSION;AMETHYSTS;SEASHELLS;10001;5
28200;;;GIFT_BASKET;SEASHELLS;69313;2
28200;;;STRAWBERRIES;SEASHELLS;3955;3
28300;;;AMETHYSTS;SEASHELLS;9998;1
28500;;;CHOCOLATE;SEASHELLS;7854;8
28600;;;COCONUT;SEASHELLS;9892;6
28800;;;COCONUT_COUPON;SEASHELLS;585;12
29100;;;GIFT_BASKET;SEASHELLS;69360;2
29200;;SUBMISSION;AMETHYSTS;SEASHELLS;10003;1
29200;;SUBMISSION;STARFRUIT;SEASHELLS;4906;1
29200;;;STARFRUIT;SEASHELLS;4908;1
29400;;;CHOCOLATE;SEASHELLS;7854;7
29400;;;STARFRUIT;SEASHELLS;4908;1
29500;;;CHOCOLATE;SEASHELLS;7856;8
29600;;SUBMISSION;AMETHYSTS;SEASHELLS;10002;1
29800;;;CHOCOLATE;SEASHELLS;7853;6
29900;;;STARFRUIT;SEASHELLS;4906;1
29900;;SUBMISSION;STARFRUIT;SEASHELLS;4906;4
30000;;SUBMISSION;STARFRUIT;SEASHELLS;4907;1
30000;;;STRAWBERRIES;SEASHELLS;3957;8
30300;;;STRAWBERRIES;SEASHELLS;3956;5
30300;;SUBMISSION;ORCHIDS;SEASHELLS;1101;5
30400;SUBMISSION;;STARFRUIT;SEASHELLS;4906;20
30400;;SUBMISSION;AMETHYSTS;SEASHELLS;10000;4
30400;;SUBMISSION;AMETHYSTS;SEASHELLS;10002;1
30500;;;AMETHYSTS;SEASHELLS;10002;4
30600;;SUBMISSION;STARFRUIT;SEASHELLS;4907;4
30600;;;STARFRUIT;SEASHELLS;4903;2
30600;SUBMISSION;;AMETHYSTS;SEASHELLS;9996;2
30600;;;CHOCOLATE;SEASHELLS;7862;7
30800;;SUBMISSION;STARFRUIT;SEASHELLS;4908;1
30800;;;COCONUT_COUPON;SEASHELLS;590;13
30900;;;GIFT_BASKET;SEASHELLS;69393;1
30900;;SUBMISSION;AMETHYSTS;SEASHELLS;10003;2
30900;;SUBMISSION;STARFRUIT;SEASHELLS;4908;2
31000;;;CHOCOLATE;SEASHELLS;7862;7
31000;;;COCONUT_COUPON;SEASHELLS;590;11
31000;;;ROSES;SEASHELLS;13780;1
31100;SUBMISSION;;AMETHYSTS;SEASHELLS;9997;8
31200;;SUBMISSION;AMETHYSTS;SEASHELLS;10003;6
31300;;SUBMISSION;AMETHYSTS;SEASHELLS;10003;2
31300;;;STARFRUIT;SEASHELLS;4903;1
31300;;SUBMISSION;STARFRUIT;SEASHELLS;4908;2
31300;SUBMISSION;;AMETHYSTS;SEASHELLS;9998;1
31400;;;COCONUT;SEASHELLS;9902;8
31400;;SUBMISSION;AMETHYSTS;SEASHELLS;10002;1
31500;;;CHOCOLATE;SEASHELLS;7863;5
31600;;;CHOCOLATE;SEASHELLS;7863;6
31600;;;COCONUT;SEASHELLS;9902;1
31700;;SUBMISSION;AMETHYSTS;SEASHELLS;10003;2
31700;;SUBMISSION;STARFRUIT;SEASHELLS;4908;2
31700;;;CHOCOLATE;SEASHELLS;7863;7
31800;SUBMISSION;;AMETHYSTS;SEASHELLS;9996;5
31800;;;COCONUT;SEASHELLS;9903;2
31900;;;GIFT_BASKET;SEASHELLS;69409;1
32000;;SUBMISSION;STARFRUIT;SEASHELLS;4908;1
32100;;;AMETHYSTS;SEASHELLS;10002;1
32100;;SUBMISSION;STARFRUIT;SEASHELLS;4908;1
32100;;;COCONUT_COUPON;SEASHELLS;584;16
32100;;;STRAWBERRIES;SEASHELLS;3958;6
32100;;;CHOCOLATE;SEASHELLS;7861;5
32100;;;COCONUT;SEASHELLS;9902;5
32200;;SUBMISSION;AMETHYSTS;SEASHELLS;10002;1
32200;SUBMISSION;;STARFRUIT;SEASHELLS;4904;3
32300;;SUBMISSION;STARFRUIT;SEASHELLS;4908;1
32300;;;AMETHYSTS;SEASHELLS;10002;1
32500;;SUBMISSION;AMETHYSTS;SEASHELLS;10003;1
32500;;SUBMISSION;STARFRUIT;SEASHELLS;4908;1
32600;;SUBMISSION;AMETHYSTS;SEASHELLS;10002;8
32700;;SUBMISSION;STARFRUIT;SEASHELLS;4907;1
32700;;;CHOCOLATE;SEASHELLS;7858;5
32700;SUBMISSION;;AMETHYSTS;SEASHELLS;9998;1
32800;SUBMISSION;;AMETHYSTS;SEASHELLS;9998;1
32800;;SUBMISSION;GIFT_BASKET;SEASHELLS;69405;2
32800;SUBMISSION;;ROSES;SEASHELLS;13785;3
32800;SUBMISSION;;STRAWBERRIES;SEASHELLS;3958;18
32800;;SUBMISSION;GIFT_BASKET;SEASHELLS;69407;1
32800;SUBMISSION;;CHOCOLATE;SEASHELLS;7859;12
32900;;SUBMISSION;GIFT_BASKET;SEASHELLS;69407;4
32900;;SUBMISSION;STARFRUIT;SEASHELLS;4909;15
32900;SUBMISSION;;CHOCOLATE;SEASHELLS;7858;16
32900;SUBMISSION;;STRAWBERRIES;SEASHELLS;3957;24
32900;SUBMISSION;;ROSES;SEASHELLS;13790;4
32900;;;COCONUT;SEASHELLS;9899;3
33000;SUBMISSION;;STRAWBERRIES;SEASHELLS;3957;18
33000;;;COCONUT;SEASHELLS;9899;7
33000;;SUBMISSION;GIFT_BASKET;SEASHELLS;69407;1
33000;SUBMISSION;;CHOCOLATE;SEASHELLS;7858;12
33000;;SUBMISSION;GIFT_BASKET;SEASHELLS;69408;2
33000;SUBMISSION;;ROSES;SEASHELLS;13793;3
33000;SUBMISSION;;STARFRUIT;SEASHELLS;4904;4
33100;;SUBMISSION;GIFT_BASKET;SEASHELLS;69412;2
33100;SUBMISSION;;CHOCOLATE;SEASHELLS;7859;12
33100;;SUBMISSION;GIFT_BASKET;SEASHELLS;69413;1
33100;SUBMISSION;;AMETHYSTS;SEASHELLS;9997;1
33100;SUBMISSION;;ROSES;SEASHELLS;13797;3
33100;SUBMISSION;;STRAWBERRIES;SEASHELLS;3957;18
33100;;;STRAWBERRIES;SEASHELLS;3957;10
33100;SUBMISSION;;STARFRUIT;SEASHELLS;4905;1
33200;;SUBMISSION;AMETHYSTS;SEASHELLS;10002;1
33200;;SUBMISSION;STARFRUIT;SEASHELLS;4908;1
33300;;;COCONUT;SEASHELLS;9899;10
33300;;;AMETHYSTS;SEASHELLS;10002;1
33400;SUBMISSION;;STARFRUIT;SEASHELLS;4906;1
33400;;SUBMISSION;STARFRUIT;SEASHELLS;4909;1
33400;SUBMISSION;;AMETHYSTS;SEASHELLS;9996;1
33500;;;COCONUT_COUPON;SEASHELLS;586;6
33500;SUBMISSION;;CHOCOLATE;SEASHELLS;7859;16
33500;SUBMISSION;;STRAWBERRIES;SEASHELLS;3957;24
33500;SUBMISSION;;ROSES;SEASHELLS;13790;4
33500;;SUBMISSION;AMETHYSTS;SEASHELLS;10002;1
33500;;;ROSES;SEASHELLS;13790;2
33500;;SUBMISSION;GIFT_BASKET;SEASHELLS;69403;4
33600;SUBMISSION;;STRAWBERRIES;SEASHELLS;3956;18
33600;SUBMISSION;;ROSES;SEASHELLS;13791;3
33600;;SUBMISSION;GIFT_BASKET;SEASHELLS;69407;1
33600;SUBMISSION;;CHOCOLATE;SEASHELLS;7860;12
33600;;SUBMISSION;GIFT_BASKET;SEASHELLS;69406;2
33600;;SUBMISSION;STARFRUIT;SEASHELLS;4909;1
33700;SUBMISSION;;STRAWBERRIES;SEASHELLS;3957;24
33700;;SUBMISSION;STARFRUIT;SEASHELLS;4909;1
33700;;SUBMISSION;GIFT_BASKET;SEASHELLS;69416;1
33700;SUBMISSION;;AMETHYSTS;SEASHELLS;9997;1
33700;SUBMISSION;;CHOCOLATE;SEASHELLS;7861;16
33700;SUBMISSION;;STARFRUIT;SEASHELLS;4905;1
33700;;SUBMISSION;GIFT_BASKET;SEASHELLS;69415;3
33700;SUBMISSION;;ROSES;SEASHELLS;13792;4
33800;;SUBMISSION;AMETHYSTS;SEASHELLS;10004;2
33800;;SUBMISSION;STARFRUIT;SEASHELLS;4910;2
33900;;SUBMISSION;AMETHYSTS;SEASHELLS;10002;4
33900;;;COCONUT_COUPON;SEASHELLS;589;16
33900;;;STRAWBERRIES;SEASHELLS;3955;4
33900;;;COCONUT_COUPON;SEASHELLS;589;1
33900;;;COCONUT;SEASHELLS;9903;10
34000;SUBMISSION;;ROSES;SEASHELLS;13799;3
34000;;SUBMISSION;GIFT_BASKET;SEASHELLS;69412;3
34000;SUBMISSION;;STRAWBERRIES;SEASHELLS;3956;18
34000;SUBMISSION;;CHOCOLATE;SEASHELLS;7859;12
34000;;;STRAWBERRIES;SEASHELLS;3955;7
34000;SUBMISSION;;STARFRUIT;SEASHELLS;4905;1
34100;SUBMISSION;;STRAWBERRIES;SEASHELLS;3956;12
34100;SUBMISSION;;AMETHYSTS;SEASHELLS;9998;1
34100;;SUBMISSION;GIFT_BASKET;SEASHELLS;69416;1
34100;SUBMISSION;;CHOCOLATE;SEASHELLS;7860;12
34100;SUBMISSION;;ROSES;SEASHELLS;13802;3
34100;SUBMISSION;;STRAWBERRIES;SEASHELLS;3955;6
34100;;SUBMISSION;GIFT_BASKET;SEASHELLS;69415;2
34200;;SUBMISSION;AMETHYSTS;SEASHELLS;10002;1
34200;;;COCONUT_COUPON;SEASHELLS;587;17
34200;;;COCONUT_COUPON;SEASHELLS;587;3
34300;;SUBMISSION;AMETHYSTS;SEASHELLS;10002;1
34300;SUBMISSION;;STARFRUIT;SEASHELLS;4906;1
34300;;;STRAWBERRIES;SEASHELLS;3954;9
34400;;;AMETHYSTS;SEASHELLS;9998;1
34400;SUBMISSION;;AMETHYSTS;SEASHELLS;9998;3
34500;;;ROSES;SEASHELLS;13797;4
34600;;;CHOCOLATE;SEASHELLS;7860;8
34600;;;AMETHYSTS;SEASHELLS;9998;1
34600;SUBMISSION;;AMETHYSTS;SEASHELLS;9998;5
34600;;;STRAWBERRIES;SEASHELLS;3955;4
34700;;;AMETHYSTS;SEASHELLS;10002;1
34700;;;STARFRUIT;SEASHELLS;4904;1
34800;;;STARFRUIT;SEASHELLS;4908;4
34900;;;GIFT_BASKET;SEASHELLS;69407;2
34900;;;STRAWBERRIES;SEASHELLS;3955;5
35200;;;STRAWBERRIES;SEASHELLS;3956;8
35200;;;CHOCOLATE;SEASHELLS;7859;5
35200;;SUBMISSION;AMETHYSTS;SEASHELLS;10002;5
35500;;;CHOCOLATE;SEASHELLS;7859;7
35600;;;STARFRUIT;SEASHELLS;4904;1
35600;;;STRAWBERRIES;SEASHELLS;3958;8
35600;;;ROSES;SEASHELLS;13796;3
35600;;SUBMISSION;STARFRUIT;SEASHELLS;4909;2
35600;;SUBMISSION;AMETHYSTS;SEASHELLS;10003;2
35700;SUBMISSION;;COCONUT;SEASHELLS;9906;18
35700;;;COCONUT_COUPON;SEASHELLS;593;13
35700;;SUBMISSION;COCONUT_COUPON;SEASHELLS;592;20
35700;;;CHOCOLATE;SEASHELLS;7861;6
35800;;SUBMISSION;STARFRUIT;SEASHELLS;4908;1
35800;;SUBMISSION;COCONUT_COUPON;SEASHELLS;593;17
35800;SUBMISSION;;COCONUT;SEASHELLS;9907;14
35800;;SUBMISSION;COCONUT_COUPON;SEASHELLS;593;1
35800;;SUBMISSION;COCONUT_COUPON;SEASHELLS;593;10
35900;;;ROSES;SEASHELLS;13793;3
36000;;SUBMISSION;GIFT_BASKET;SEASHELLS;69410;3
36000;SUBMISSION;;CHOCOLATE;SEASHELLS;7860;12
36000;SUBMISSION;;STRAWBERRIES;SEASHELLS;3957;18
36000;SUBMISSION;;ROSES;SEASHELLS;13793;3
36100;;SUBMISSION;COCONUT_COUPON;SEASHELLS;595;12
36100;;SUBMISSION;COCONUT_COUPON;SEASHELLS;595;1
36100;SUBMISSION;;COCONUT;SEASHELLS;9912;16
36100;;;CHOCOLATE;SEASHELLS;7859;4
36100;;SUBMISSION;COCONUT_COUPON;SEASHELLS;595;20
36200;;;COCONUT_COUPON;SEASHELLS;595;5
36200;SUBMISSION;;COCONUT;SEASHELLS;9911;22
36200;SUBMISSION;;AMETHYSTS;SEASHELLS;9998;3
36200;;SUBMISSION;COCONUT_COUPON;SEASHELLS;595;24
36200;;SUBMISSION;COCONUT_COUPON;SEASHELLS;595;16
36200;;SUBMISSION;COCONUT_COUPON;SEASHELLS;595;2
36300;SUBMISSION;;ROSES;SEASHELLS;13796;3
36300;SUBMISSION;;STRAWBERRIES;SEASHELLS;3958;18
36300;;SUBMISSION;GIFT_BASKET;SEASHELLS;69429;2
36300;SUBMISSION;;CHOCOLATE;SEASHELLS;7860;12
36300;;SUBMISSION;GIFT_BASKET;SEASHELLS;69430;1
36400;;;GIFT_BASKET;SEASHELLS;69428;8
36400;SUBMISSION;;STRAWBERRIES;SEASHELLS;3959;12
36400;;SUBMISSION;COCONUT_COUPON;SEASHELLS;593;15
36400;;SUBMISSION;GIFT_BASKET;SEASHELLS;69428;2
36400;SUBMISSION;;CHOCOLATE;SEASHELLS;7861;8
36400;SUBMISSION;;ROSES;SEASHELLS;13797;2
36400;SUBMISSION;;COCONUT;SEASHELLS;9908;18
36400;;SUBMISSION;COCONUT_COUPON;SEASHELLS;593;19
36500;;;COCONUT_COUPON;SEASHELLS;593;12
36600;SUBMISSION;;STARFRUIT;SEASHELLS;4903;1
36700;;SUBMISSION;COCONUT_COUPON;SEASHELLS;594;2
36700;SUBMISSION;;COCONUT;SEASHELLS;9908;22
36700;;SUBMISSION;COCONUT_COUPON;SEASHELLS;594;29
36700;;SUBMISSION;COCONUT_COUPON;SEASHELLS;594;13
37000;SUBMISSION;;COCONUT;SEASHELLS;9909;20
37000;;SUBMISSION;COCONUT_COUPON;SEASHELLS;594;16
37000;;SUBMISSION;COCONUT_COUPON;SEASHELLS;594;23
37100;;SUBMISSION;COCONUT_COUPON;SEASHELLS;593;20
37100;;;STARFRUIT;SEASHELLS;4901;1
37100;;;CHOCOLATE;SEASHELLS;7858;8
37100;;SUBMISSION;COCONUT_COUPON;SEASHELLS;593;16
37100;SUBMISSION;;COCONUT;SEASHELLS;9908;19
37100;;;ROSES;SEASHELLS;13787;11
37100;;SUBMISSION;COCONUT_COUPON;SEASHELLS;593;1
37100;;;GIFT_BASKET;SEASHELLS;69403;1
37200;SUBMISSION;;COCONUT;SEASHELLS;9906;24
37200;;SUBMISSION;COCONUT_COUPON;SEASHELLS;593;30
37200;;SUBMISSION;COCONUT_COUPON;SEASHELLS;593;17
37300;;SUBMISSION;COCONUT_COUPON;SEASHELLS;593;18
37300;;;GIFT_BASKET;SEASHELLS;69400;1
37300;;;STARFRUIT;SEASHELLS;4905;4
37300;SUBMISSION;;COCONUT;SEASHELLS;9907;21
37300;;SUBMISSION;COCONUT_COUPON;SEASHELLS;593;2
37300;;SUBMISSION;COCONUT_COUPON;SEASHELLS;593;23
37400;;SUBMISSION;COCONUT_COUPON;SEASHELLS;595;1
37400;;;AMETHYSTS;SEASHELLS;9998;1
37400;SUBMISSION;;CHOCOLATE;SEASHELLS;7859;8
37400;SUBMISSION;;ROSES;SEASHELLS;13781;2
37400;;SUBMISSION;COCONUT_COUPON;SEASHELLS;595;28
37400;SUBMISSION;;STRAWBERRIES;SEASHELLS;3957;12
37400;;SUBMISSION;GIFT_BASKET;SEASHELLS;69394;1
37400;;SUBMISSION;GIFT_BASKET;SEASHELLS;69395;1
37400;SUBMISSION;;COCONUT;SEASHELLS;9907;22
37400;;;ROSES;SEASHELLS;13781;2
37400;;SUBMISSION;COCONUT_COUPON;SEASHELLS;595;14
37500;;;COCONUT;SEASHELLS;9906;8
37500;;;CHOCOLATE;SEASHELLS;7860;6
37500;;SUBMISSION;COCONUT_COUPON;SEASHELLS;597;21
37500;;SUBMISSION;COCONUT_COUPON;SEASHELLS;597;13
37500;SUBMISSION;;COCONUT;SEASHELLS;9907;17
37600;SUBMISSION;;STARFRUIT;SEASHELLS;4901;2
37600;;SUBMISSION;COCONUT_COUPON;SEASHELLS;596;1
37600;;SUBMISSION;AMETHYSTS;SEASHELLS;10002;4
37600;;SUBMISSION;COCONUT_COUPON;SEASHELLS;596;26
37600;;SUBMISSION;COCONUT_COUPON;SEASHELLS;596;19
37600;SUBMISSION;;AMETHYSTS;SEASHELLS;9997;2
37600;SUBMISSION;;COCONUT;SEASHELLS;9906;24
37700;SUBMISSION;;ROSES;SEASHELLS;13780;2
37700;;SUBMISSION;COCONUT_COUPON;SEASHELLS;596;20
37700;SUBMISSION;;STRAWBERRIES;SEASHELLS;3958;12
37700;;SUBMISSION;COCONUT_COUPON;SEASHELLS;596;2
37700;SUBMISSION;;COCONUT;SEASHELLS;9907;22
37700;;SUBMISSION;COCONUT_COUPON;SEASHELLS;596;21
37700;SUBMISSION;;CHOCOLATE;SEASHELLS;7864;8
37700;;SUBMISSION;GIFT_BASKET;SEASHELLS;69433;2
37800;;SUBMISSION;COCONUT_COUPON;SEASHELLS;595;1
37800;SUBMISSION;;COCONUT;SEASHELLS;9906;7
37800;;SUBMISSION;COCONUT_COUPON;SEASHELLS;595;23
37800;;SUBMISSION;GIFT_BASKET;SEASHELLS;69432;1
37800;;SUBMISSION;GIFT_BASKET;SEASHELLS;69431;1
37800;SUBMISSION;;COCONUT;SEASHELLS;9907;12
37800;SUBMISSION;;STRAWBERRIES;SEASHELLS;3958;12
37800;SUBMISSION;;ROSES;SEASHELLS;13780;2
37800;;SUBMISSION;COCONUT_COUPON;SEASHELLS;595;14
37800;;;STARFRUIT;SEASHELLS;4901;1
37800;SUBMISSION;;CHOCOLATE;SEASHELLS;7865;8
37900;SUBMISSION;;ROSES;SEASHELLS;13782;1
37900;;;COCONUT_COUPON;SEASHELLS;596;4
37900;SUBMISSION;;CHOCOLATE;SEASHELLS;7864;4
37900;;SUBMISSION;COCONUT_COUPON;SEASHELLS;596;25
37900;SUBMISSION;;STRAWBERRIES;SEASHELLS;3958;6
37900;;SUBMISSION;COCONUT_COUPON;SEASHELLS;596;1
37900;;SUBMISSION;COCONUT_COUPON;SEASHELLS;596;11
37900;SUBMISSION;;COCONUT;SEASHELLS;9907;19
37900;;SUBMISSION;GIFT_BASKET;SEASHELLS;69437;1
38000;SUBMISSION;;STARFRUIT;SEASHELLS;4901;1
38000;SUBMISSION;;CHOCOLATE;SEASHELLS;7864;4
38000;;SUBMISSION;COCONUT_COUPON;SEASHELLS;596;1
38000;SUBMISSION;;COCONUT;SEASHELLS;9908;22
38000;;SUBMISSION;AMETHYSTS;SEASHELLS;10003;11
38000;;SUBMISSION;COCONUT_COUPON;SEASHELLS;596;14
38000;SUBMISSION;;STRAWBERRIES;SEASHELLS;3958;6
38000;;;AMETHYSTS;SEASHELLS;10002;5
38000;;SUBMISSION;COCONUT_COUPON;SEASHELLS;596;28
38000;SUBMISSION;;ROSES;SEASHELLS;13783;1
38000;SUBMISSION;;AMETHYSTS;SEASHELLS;10000;1
38000;;SUBMISSION;GIFT_BASKET;SEASHELLS;69445;1
38000;SUBMISSION;;STARFRUIT;SEASHELLS;4903;6
38100;;SUBMISSION;COCONUT_COUPON;SEASHELLS;595;17
38100;SUBMISSION;;ROSES;SEASHELLS;13783;1
38100;;SUBMISSION;GIFT_BASKET;SEASHELLS;69444;1
38100;;SUBMISSION;COCONUT_COUPON;SEASHELLS;595;11
38100;SUBMISSION;;CHOCOLATE;SEASHELLS;7864;4
38100;SUBMISSION;;STRAWBERRIES;SEASHELLS;3958;6
38100;;SUBMISSION;COCONUT_COUPON;SEASHELLS;595;2
38100;SUBMISSION;;COCONUT;SEASHELLS;9908;15
38100;;;ROSES;SEASHELLS;13783;2
38100;SUBMISSION;;STARFRUIT;SEASHELLS;4902;8
38200;;SUBMISSION;GIFT_BASKET;SEASHELLS;69436;1
38200;SUBMISSION;;STRAWBERRIES;SEASHELLS;3958;6
38200;;SUBMISSION;COCONUT_COUPON;SEASHELLS;594;2
38200;SUBMISSION;;ROSES;SEASHELLS;13787;1
38200;;SUBMISSION;COCONUT_COUPON;SEASHELLS;594;16
38200;;SUBMISSION;COCONUT_COUPON;SEASHELLS;594;15
38200;SUBMISSION;;COCONUT;SEASHELLS;9908;17
38200;SUBMISSION;;CHOCOLATE;SEASHELLS;7863;4
38200;SUBMISSION;;AMETHYSTS;SEASHELLS;9998;1
38300;SUBMISSION;;ROSES;SEASHELLS;13790;1
38300;;SUBMISSION;COCONUT_COUPON;SEASHELLS;595;13
38300;;SUBMISSION;GIFT_BASKET;SEASHELLS;69445;1
38300;SUBMISSION;;STRAWBERRIES;SEASHELLS;3958;6
38300;SUBMISSION;;COCONUT;SEASHELLS;9908;19
38300;;SUBMISSION;COCONUT_COUPON;SEASHELLS;595;25
38300;SUBMISSION;;CHOCOLATE;SEASHELLS;7865;4
38400;SUBMISSION;;COCONUT;SEASHELLS;9906;18
38400;;SUBMISSION;COCONUT_COUPON;SEASHELLS;594;11
38400;;SUBMISSION;COCONUT_COUPON;SEASHELLS;594;23
38400;SUBMISSION;;CHOCOLATE;SEASHELLS;7865;4
38400;;SUBMISSION;COCONUT_COUPON;SEASHELLS;594;1
38400;;SUBMISSION;GIFT_BASKET;SEASHELLS;69455;1
38400;SUBMISSION;;ROSES;SEASHELLS;13793;1
38400;SUBMISSION;;STRAWBERRIES;SEASHELLS;3958;6
38500;;SUBMISSION;COCONUT_COUPON;SEASHELLS;596;16
38500;;;COCONUT;SEASHELLS;9906;5
38500;SUBMISSION;;COCONUT;SEASHELLS;9908;25
38500;;;GIFT_BASKET;SEASHELLS;69447;7
38500;;SUBMISSION;COCONUT_COUPON;SEASHELLS;596;18
38500;;SUBMISSION;COCONUT_COUPON;SEASHELLS;596;15
38500;SUBMISSION;;STRAWBERRIES;SEASHELLS;3958;6
38500;;SUBMISSION;GIFT_BASKET;SEASHELLS;69447;1
38500;;SUBMISSION;COCONUT_COUPON;SEASHELLS;596;1
38500;;;STARFRUIT;SEASHELLS;4905;2
38500;SUBMISSION;;CHOCOLATE;SEASHELLS;7864;4
38500;SUBMISSION;;ROSES;SEASHELLS;13792;1
38500;;;GIFT_BASKET;SEASHELLS;69448;1
38600;SUBMISSION;;CHOCOLATE;SEASHELLS;7863;4
38600;SUBMISSION;;STRAWBERRIES;SEASHELLS;3958;6
38600;SUBMISSION;;COCONUT;SEASHELLS;9906;17
38600;;SUBMISSION;GIFT_BASKET;SEASHELLS;69449;1
38600;;SUBMISSION;COCONUT_COUPON;SEASHELLS;598;18
38600;;SUBMISSION;COCONUT_COUPON;SEASHELLS;598;13
38600;;SUBMISSION;COCONUT_COUPON;SEASHELLS;598;2
38600;SUBMISSION;;ROSES;SEASHELLS;13794;1
38700;;SUBMISSION;COCONUT_COUPON;SEASHELLS;599;14
38700;;SUBMISSION;COCONUT_COUPON;SEASHELLS;599;1
38700;SUBMISSION;;COCONUT;SEASHELLS;9906;20
38700;;;ROSES;SEASHELLS;13795;4
38700;SUBMISSION;;CHOCOLATE;SEASHELLS;7862;4
38700;SUBMISSION;;STRAWBERRIES;SEASHELLS;3958;6
38700;;SUBMISSION;GIFT_BASKET;SEASHELLS;69436;1
38700;SUBMISSION;;ROSES;SEASHELLS;13795;1
38700;SUBMISSION;;STARFRUIT;SEASHELLS;4902;10
38700;;SUBMISSION;COCONUT_COUPON;SEASHELLS;599;24
38800;SUBMISSION;;COCONUT;SEASHELLS;9906;17
38800;;SUBMISSION;COCONUT_COUPON;SEASHELLS;597;19
38800;;SUBMISSION;COCONUT_COUPON;SEASHELLS;597;1
38800;;SUBMISSION;COCONUT_COUPON;SEASHELLS;597;14
38900;;SUBMISSION;COCONUT_COUPON;SEASHELLS;598;2
38900;;SUBMISSION;COCONUT_COUPON;SEASHELLS;598;22
38900;SUBMISSION;;COCONUT;SEASHELLS;9906;22
38900;SUBMISSION;;STRAWBERRIES;SEASHELLS;3959;6
38900;;SUBMISSION;GIFT_BASKET;SEASHELLS;69434;1
38900;;SUBMISSION;COCONUT_COUPON;SEASHELLS;598;20
38900;SUBMISSION;;CHOCOLATE;SEASHELLS;7862;4
38900;SUBMISSION;;ROSES;SEASHELLS;13796;1
39000;;SUBMISSION;COCONUT_COUPON;SEASHELLS;598;20
39000;;;STARFRUIT;SEASHELLS;4900;2
39000;SUBMISSION;;COCONUT;SEASHELLS;9906;24
39000;;SUBMISSION;COCONUT_COUPON;SEASHELLS;598;25
39000;SUBMISSION;;AMETHYSTS;SEASHELLS;9997;2
39000;;;STRAWBERRIES;SEASHELLS;3957;5
39000;;SUBMISSION;COCONUT_COUPON;SEASHELLS;598;2
39100;;SUBMISSION;COCONUT_COUPON;SEASHELLS;596;14
39100;;SUBMISSION;COCONUT_COUPON;SEASHELLS;596;2
39100;;SUBMISSION;STARFRUIT;SEASHELLS;4903;2
39100;;SUBMISSION;COCONUT_COUPON;SEASHELLS;596;16
39100;SUBMISSION;;COCONUT;SEASHELLS;9905;16
39100;;SUBMISSION;AMETHYSTS;SEASHELLS;10001;2
39200;;SUBMISSION;COCONUT_COUPON;SEASHELLS;596;16
39200;SUBMISSION;;COCONUT;SEASHELLS;9905;18
39200;;SUBMISSION;COCONUT_COUPON;SEASHELLS;596;18
39200;;;GIFT_BASKET;SEASHELLS;69414;1
39200;;SUBMISSION;COCONUT_COUPON;SEASHELLS;596;1
39300;;SUBMISSION;COCONUT_COUPON;SEASHELLS;597;25
39300;SUBMISSION;;COCONUT;SEASHELLS;9906;21
39300;;SUBMISSION;COCONUT_COUPON;SEASHELLS;597;17
39400;;SUBMISSION;COCONUT_COUPON;SEASHELLS;599;6
39400;SUBMISSION;;COCONUT;SEASHELLS;9906;12
39400;;SUBMISSION;COCONUT_COUPON;SEASHELLS;598;2
39400;;SUBMISSION;COCONUT_COUPON;SEASHELLS;598;16
39500;SUBMISSION;;STARFRUIT;SEASHELLS;4900;2
39500;SUBMISSION;;AMETHYSTS;SEASHELLS;10000;4
39500;;;STARFRUIT;SEASHELLS;4900;2
39600;;;ROSES;SEASHELLS;13792;2
39600;;;STARFRUIT;SEASHELLS;4897;1
39700;;;COCONUT_COUPON;SEASHELLS;602;18
39700;;SUBMISSION;STARFRUIT;SEASHELLS;4902;1
39800;;;COCONUT;SEASHELLS;9906;9
39800;;;AMETHYSTS;SEASHELLS;10002;1
39900;;SUBMISSION;AMETHYSTS;SEASHELLS;10002;4
39900;;;STRAWBERRIES;SEASHELLS;3958;8
40000;;;ROSES;SEASHELLS;13787;4
40000;SUBMISSION;;ROSES;SEASHELLS;13787;1
40000;SUBMISSION;;STRAWBERRIES;SEASHELLS;3958;6
40000;SUBMISSION;;CHOCOLATE;SEASHELLS;7862;4
40000;;SUBMISSION;GIFT_BASKET;SEASHELLS;69428;1
40100;SUBMISSION;;STRAWBERRIES;SEASHELLS;3958;6
40100;SUBMISSION;;ROSES;SEASHELLS;13787;1
40100;;SUBMISSION;GIFT_BASKET;SEASHELLS;69431;1
40100;SUBMISSION;;CHOCOLATE;SEASHELLS;7861;4
40200;SUBMISSION;;ROSES;SEASHELLS;13788;1
40200;SUBMISSION;;AMETHYSTS;SEASHELLS;9998;8
40200;SUBMISSION;;STRAWBERRIES;SEASHELLS;3958;6
40200;;SUBMISSION;GIFT_BASKET;SEASHELLS;69434;1
40200;SUBMISSION;;CHOCOLATE;SEASHELLS;7863;4
40300;;;GIFT_BASKET;SEASHELLS;69436;2
40300;SUBMISSION;;STARFRUIT;SEASHELLS;4899;1
40300;SUBMISSION;;CHOCOLATE;SEASHELLS;7863;4
40300;;;GIFT_BASKET;SEASHELLS;69435;1
40300;;SUBMISSION;GIFT_BASKET;SEASHELLS;69435;1
40300;SUBMISSION;;ROSES;SEASHELLS;13789;1
40300;;;STARFRUIT;SEASHELLS;4899;1
40300;SUBMISSION;;AMETHYSTS;SEASHELLS;10000;2
40300;;SUBMISSION;AMETHYSTS;SEASHELLS;10003;1
40300;;;ROSES;SEASHELLS;13788;4
40300;SUBMISSION;;STRAWBERRIES;SEASHELLS;3958;6
40400;;;COCONUT_COUPON;SEASHELLS;601;10
40600;;;ROSES;SEASHELLS;13781;5
40700;;SUBMISSION;STARFRUIT;SEASHELLS;4903;1
40700;;;COCONUT_COUPON;SEASHELLS;600;6
40800;;;STRAWBERRIES;SEASHELLS;3958;4
40800;;;COCONUT_COUPON;SEASHELLS;601;10
40900;;SUBMISSION;STARFRUIT;SEASHELLS;4904;6
41000;;SUBMISSION;AMETHYSTS;SEASHELLS;10004;4
41000;;;AMETHYSTS;SEASHELLS;9998;1
41300;;;COCONUT_COUPON;SEASHELLS;605;12
41300;;SUBMISSION;ORCHIDS;SEASHELLS;1098;2
41300;;;STRAWBERRIES;SEASHELLS;3960;5
41300;;SUBMISSION;AMETHYSTS;SEASHELLS;10002;1
41300;;;ROSES;SEASHELLS;13776;4
41400;;;STARFRUIT;SEASHELLS;4898;1
41600;SUBMISSION;;AMETHYSTS;SEASHELLS;9998;1
41600;;;CHOCOLATE;SEASHELLS;7865;5
41900;;;GIFT_BASKET;SEASHELLS;69410;3
42200;;;STRAWBERRIES;SEASHELLS;3959;7
42300;;;CHOCOLATE;SEASHELLS;7862;7
42400;SUBMISSION;;STARFRUIT;SEASHELLS;4898;7
42400;SUBMISSION;;AMETHYSTS;SEASHELLS;9998;5
42500;;;STARFRUIT;SEASHELLS;4902;3
42600;;;STARFRUIT;SEASHELLS;4897;2
42600;SUBMISSION;;AMETHYSTS;SEASHELLS;9999;2
42600;;SUBMISSION;STARFRUIT;SEASHELLS;4903;1
42700;;;STRAWBERRIES;SEASHELLS;3961;4
43000;;;STARFRUIT;SEASHELLS;4899;1
43000;SUBMISSION;;STARFRUIT;SEASHELLS;4899;1
43100;;;STARFRUIT;SEASHELLS;4897;1
43300;;;AMETHYSTS;SEASHELLS;9998;1
43400;;;STRAWBERRIES;SEASHELLS;3960;5
43500;;;STRAWBERRIES;SEASHELLS;3960;4
43500;;SUBMISSION;AMETHYSTS;SEASHELLS;10001;7
43600;;;CHOCOLATE;SEASHELLS;7862;8
43600;;SUBMISSION;STARFRUIT;SEASHELLS;4901;1
43700;;SUBMISSION;AMETHYSTS;SEASHELLS;10004;4
43700;;;STARFRUIT;SEASHELLS;4897;2
43700;SUBMISSION;;STARFRUIT;SEASHELLS;4897;1
43700;;SUBMISSION;AMETHYSTS;SEASHELLS;10004;2
43800;;;GIFT_BASKET;SEASHELLS;69374;2
44000;;SUBMISSION;AMETHYSTS;SEASHELLS;10002;5
44100;;;STRAWBERRIES;SEASHELLS;3959;6
44100;;;ROSES;SEASHELLS;13766;4
44300;;SUBMISSION;AMETHYSTS;SEASHELLS;10002;1
44300;;SUBMISSION;STARFRUIT;SEASHELLS;4900;3
44600;;;ROSES;SEASHELLS;13764;3
44700;;;STRAWBERRIES;SEASHELLS;3960;11
44700;;;ROSES;SEASHELLS;13761;1
44700;;;STARFRUIT;SEASHELLS;4896;1
44800;;;COCONUT;SEASHELLS;9903;5
44800;;;GIFT_BASKET;SEASHELLS;69338;2
44900;;;ROSES;SEASHELLS;13751;1
44900;;;COCONUT_COUPON;SEASHELLS;602;1
44900;;;COCONUT_COUPON;SEASHELLS;602;16
44900;SUBMISSION;;AMETHYSTS;SEASHELLS;9998;1
45100;;SUBMISSION;AMETHYSTS;SEASHELLS;10002;1
45100;;SUBMISSION;STARFRUIT;SEASHELLS;4900;15
45200;;;COCONUT;SEASHELLS;9906;10
45300;SUBMISSION;;AMETHYSTS;SEASHELLS;9998;1
45300;;SUBMISSION;ORCHIDS;SEASHELLS;1097;5
45400;;SUBMISSION;AMETHYSTS;SEASHELLS;10002;1
45400;;;COCONUT_COUPON;SEASHELLS;607;16
45500;;SUBMISSION;ORCHIDS;SEASHELLS;1099;3
45500;;;ROSES;SEASHELLS;13762;1
45600;SUBMISSION;;STARFRUIT;SEASHELLS;4894;1
45600;SUBMISSION;;AMETHYSTS;SEASHELLS;9998;1
45700;;;COCONUT_COUPON;SEASHELLS;608;14
46000;;SUBMISSION;STARFRUIT;SEASHELLS;4898;1
46100;;SUBMISSION;STARFRUIT;SEASHELLS;4898;9
46200;;SUBMISSION;AMETHYSTS;SEASHELLS;10002;1
46400;SUBMISSION;;AMETHYSTS;SEASHELLS;9997;8
46500;;;STRAWBERRIES;SEASHELLS;3960;9
46600;;;STRAWBERRIES;SEASHELLS;3960;9
46600;;;STRAWBERRIES;SEASHELLS;3960;12
46600;;;CHOCOLATE;SEASHELLS;7862;7
46700;;;CHOCOLATE;SEASHELLS;7862;6
46900;;;STRAWBERRIES;SEASHELLS;3961;5
47000;;SUBMISSION;STARFRUIT;SEASHELLS;4898;3
47100;;;STARFRUIT;SEASHELLS;4894;1
47100;;;ROSES;SEASHELLS;13763;4
47200;SUBMISSION;;AMETHYSTS;SEASHELLS;9998;1
47300;SUBMISSION;;AMETHYSTS;SEASHELLS;9998;1
47300;;SUBMISSION;STARFRUIT;SEASHELLS;4899;1
47300;;;COCONUT_COUPON;SEASHELLS;607;10
47400;;SUBMISSION;AMETHYSTS;SEASHELLS;10002;3
47500;;;GIFT_BASKET;SEASHELLS;69347;5
47600;;SUBMISSION;ORCHIDS;SEASHELLS;1093;10
47800;;;STARFRUIT;SEASHELLS;4899;1
47800;;SUBMISSION;STARFRUIT;SEASHELLS;4899;9
47900;;;STARFRUIT;SEASHELLS;4900;2
47900;;;STARFRUIT;SEASHELLS;4894;1
47900;;;COCONUT;SEASHELLS;9911;6
47900;;;STARFRUIT;SEASHELLS;4900;7
48000;;;STRAWBERRIES;SEASHELLS;3962;7
48300;;;AMETHYSTS;SEASHELLS;10003;3
48300;;SUBMISSION;AMETHYSTS;SEASHELLS;10003;7
48400;SUBMISSION;;AMETHYSTS;SEASHELLS;9998;1
48700;;;ROSES;SEASHELLS;13761;1
48800;;;ROSES;SEASHELLS;13762;5
48900;SUBMISSION;;AMETHYSTS;SEASHELLS;9999;11
49000;SUBMISSION;;AMETHYSTS;SEASHELLS;9998;9
49000;;;CHOCOLATE;SEASHELLS;7862;8
49100;;;CHOCOLATE;SEASHELLS;7860;7
49100;;;STARFRUIT;SEASHELLS;4897;1
49200;SUBMISSION;;AMETHYSTS;SEASHELLS;9998;12
49200;;;STARFRUIT;SEASHELLS;4897;1
49300;;SUBMISSION;AMETHYSTS;SEASHELLS;10002;1
49400;;;STARFRUIT;SEASHELLS;4899;10
49400;;;COCONUT_COUPON;SEASHELLS;605;10
49800;;;GIFT_BASKET;SEASHELLS;69358;1
49800;;;COCONUT_COUPON;SEASHELLS;606;14
49800;;;CHOCOLATE;SEASHELLS;7862;7
49900;;;COCONUT_COUPON;SEASHELLS;607;12
49900;;SUBMISSION;AMETHYSTS;SEASHELLS;10002;1
50100;;;CHOCOLATE;SEASHELLS;7862;9
50400;;;ROSES;SEASHELLS;13763;2
50400;;SUBMISSION;ORCHIDS;SEASHELLS;1090;3
50400;;;STARFRUIT;SEASHELLS;4898;12
50400;;;STARFRUIT;SEASHELLS;4892;1
50500;SUBMISSION;;STARFRUIT;SEASHELLS;4893;14
50600;SUBMISSION;;AMETHYSTS;SEASHELLS;9998;5
50700;;;COCONUT;SEASHELLS;9910;5
50800;SUBMISSION;;AMETHYSTS;SEASHELLS;9998;4
50800;;;ROSES;SEASHELLS;13763;3
50900;;;AMETHYSTS;SEASHELLS;9998;6
50900;;;COCONUT_COUPON;SEASHELLS;607;7
50900;;;COCONUT_COUPON;SEASHELLS;607;17
51000;;SUBMISSION;STARFRUIT;SEASHELLS;4896;11
51000;;;COCONUT_COUPON;SEASHELLS;607;17
51000;;;CHOCOLATE;SEASHELLS;7866;5
51200;;;CHOCOLATE;SEASHELLS;7864;5
51300;;;GIFT_BASKET;SEASHELLS;69383;1
51400;;SUBMISSION;AMETHYSTS;SEASHELLS;10000;5
51500;SUBMISSION;;AMETHYSTS;SEASHELLS;9998;1
51500;;;COCONUT;SEASHELLS;9910;8
51500;SUBMISSION;;STARFRUIT;SEASHELLS;4894;5
51600;;;COCONUT;SEASHELLS;9911;7
51600;;;COCONUT_COUPON;SEASHELLS;609;16
51800;;;COCONUT;SEASHELLS;9910;8
51900;;SUBMISSION;STARFRUIT;SEASHELLS;4898;1
51900;;;COCONUT;SEASHELLS;9910;6
52000;SUBMISSION;;STARFRUIT;SEASHELLS;4896;4
52000;;;CHOCOLATE;SEASHELLS;7867;5
52100;;SUBMISSION;STARFRUIT;SEASHELLS;4899;1
52300;;;ROSES;SEASHELLS;13752;2
52500;;;AMETHYSTS;SEASHELLS;10002;1
52500;;SUBMISSION;AMETHYSTS;SEASHELLS;10002;1
52600;;;STARFRUIT;SEASHELLS;4898;5
52700;SUBMISSION;;AMETHYSTS;SEASHELLS;9998;1
52700;;SUBMISSION;STARFRUIT;SEASHELLS;4900;1
52900;;;GIFT_BASKET;SEASHELLS;69329;2
52900;SUBMISSION;;AMETHYSTS;SEASHELLS;9998;1
53000;;SUBMISSION;AMETHYSTS;SEASHELLS;10002;1
53100;;SUBMISSION;AMETHYSTS;SEASHELLS;10004;1
53100;;;COCONUT;SEASHELLS;9906;3
53100;;SUBMISSION;STARFRUIT;SEASHELLS;4898;1
53300;;;STRAWBERRIES;SEASHELLS;3965;6
53900;;;ROSES;SEASHELLS;13741;1
53900;;;COCONUT;SEASHELLS;9904;9
54000;SUBMISSION;;AMETHYSTS;SEASHELLS;9998;1
54000;SUBMISSION;;AMETHYSTS;SEASHELLS;9996;3
54000;;;ROSES;SEASHELLS;13741;5
54100;;SUBMISSION;STARFRUIT;SEASHELLS;4901;8
54200;SUBMISSION;;STARFRUIT;SEASHELLS;4898;5
54200;SUBMISSION;;STARFRUIT;SEASHELLS;4896;1
54300;;;STARFRUIT;SEASHELLS;4896;1
54300;SUBMISSION;;STARFRUIT;SEASHELLS;4896;6
54400;;;AMETHYSTS;SEASHELLS;9998;2
54400;;;GIFT_BASKET;SEASHELLS;69342;1
54500;;;ROSES;SEASHELLS;13740;1
54900;SUBMISSION;;STARFRUIT;SEASHELLS;4897;2
54900;SUBMISSION;;AMETHYSTS;SEASHELLS;9999;1
55000;SUBMISSION;;GIFT_BASKET;SEASHELLS;69295;2
55000;SUBMISSION;;GIFT_BASKET;SEASHELLS;69296;2
55000;;SUBMISSION;AMETHYSTS;SEASHELLS;10002;1
55000;;SUBMISSION;ROSES;SEASHELLS;13726;4
55000;;SUBMISSION;CHOCOLATE;SEASHELLS;7869;16
55000;;SUBMISSION;STRAWBERRIES;SEASHELLS;3965;24
55100;SUBMISSION;;GIFT_BASKET;SEASHELLS;69302;4
55100;;SUBMISSION;ROSES;SEASHELLS;13730;4
55100;;;ROSES;SEASHELLS;13731;3
55100;;SUBMISSION;STRAWBERRIES;SEASHELLS;3965;24
55100;;SUBMISSION;CHOCOLATE;SEASHELLS;7869;16
55200;SUBMISSION;;GIFT_BASKET;SEASHELLS;69288;3
55200;;SUBMISSION;ROSES;SEASHELLS;13727;3
55200;;SUBMISSION;CHOCOLATE;SEASHELLS;7870;12
55200;;SUBMISSION;STRAWBERRIES;SEASHELLS;3965;18
55300;;;STARFRUIT;SEASHELLS;4894;1
55300;;SUBMISSION;CHOCOLATE;SEASHELLS;7869;16
55300;SUBMISSION;;GIFT_BASKET;SEASHELLS;69286;4
55300;SUBMISSION;;STARFRUIT;SEASHELLS;4897;4
55300;;SUBMISSION;ROSES;SEASHELLS;13727;4
55300;;SUBMISSION;STRAWBERRIES;SEASHELLS;3965;24
55400;SUBMISSION;;GIFT_BASKET;SEASHELLS;69293;4
55400;;SUBMISSION;STRAWBERRIES;SEASHELLS;3966;24
55400;SUBMISSION;;STARFRUIT;SEASHELLS;4897;6
55400;;;STARFRUIT;SEASHELLS;4894;1
55400;;SUBMISSION;CHOCOLATE;SEASHELLS;7869;16
55400;;;COCONUT_COUPON;SEASHELLS;605;15
55400;;SUBMISSION;ROSES;SEASHELLS;13727;4
55500;;;COCONUT_COUPON;SEASHELLS;604;14
55500;;SUBMISSION;STRAWBERRIES;SEASHELLS;3966;24
55500;;SUBMISSION;AMETHYSTS;SEASHELLS;10003;2
55500;SUBMISSION;;STARFRUIT;SEASHELLS;4895;14
55500;;SUBMISSION;CHOCOLATE;SEASHELLS;7869;16
55500;SUBMISSION;;GIFT_BASKET;SEASHELLS;69293;1
55500;;SUBMISSION;ROSES;SEASHELLS;13723;4
55500;SUBMISSION;;GIFT_BASKET;SEASHELLS;69294;3
55500;;;STRAWBERRIES;SEASHELLS;3967;5
55600;SUBMISSION;;GIFT_BASKET;SEASHELLS;69287;1
55600;;SUBMISSION;ROSES;SEASHELLS;13723;3
55600;;SUBMISSION;STRAWBERRIES;SEASHELLS;3967;18
55600;SUBMISSION;;GIFT_BASKET;SEASHELLS;69286;2
55600;;SUBMISSION;CHOCOLATE;SEASHELLS;7867;12
55700;;SUBMISSION;STRAWBERRIES;SEASHELLS;3967;18
55700;SUBMISSION;;GIFT_BASKET;SEASHELLS;69281;1
55700;;SUBMISSION;ROSES;SEASHELLS;13719;3
55700;;SUBMISSION;CHOCOLATE;SEASHELLS;7867;12
55700;SUBMISSION;;GIFT_BASKET;SEASHELLS;69280;2
55800;;SUBMISSION;ROSES;SEASHELLS;13720;5
55800;;SUBMISSION;CHOCOLATE;SEASHELLS;7868;20
55800;SUBMISSION;;GIFT_BASKET;SEASHELLS;69290;5
55800;;SUBMISSION;STRAWBERRIES;SEASHELLS;3967;30
55900;;SUBMISSION;CHOCOLATE;SEASHELLS;7867;12
55900;;;STARFRUIT;SEASHELLS;4896;1
55900;;;STARFRUIT;SEASHELLS;4898;1
55900;SUBMISSION;;STARFRUIT;SEASHELLS;4898;2
55900;SUBMISSION;;GIFT_BASKET;SEASHELLS;69292;2
55900;;SUBMISSION;ROSES;SEASHELLS;13720;3
55900;;;COCONUT;SEASHELLS;9902;10
55900;;SUBMISSION;STRAWBERRIES;SEASHELLS;3967;18
55900;SUBMISSION;;GIFT_BASKET;SEASHELLS;69293;1
55900;;;STARFRUIT;SEASHELLS;4896;6
56000;;;COCONUT_COUPON;SEASHELLS;602;10
56000;;;AMETHYSTS;SEASHELLS;9998;1
56100;;;STARFRUIT;SEASHELLS;4895;1
56100;;SUBMISSION;CHOCOLATE;SEASHELLS;7868;12
56100;;SUBMISSION;ROSES;SEASHELLS;13713;3
56100;SUBMISSION;;GIFT_BASKET;SEASHELLS;69282;3
56100;;SUBMISSION;STRAWBERRIES;SEASHELLS;3968;18
56200;;SUBMISSION;ROSES;SEASHELLS;13711;4
56200;;SUBMISSION;AMETHYSTS;SEASHELLS;10000;5
56200;SUBMISSION;;GIFT_BASKET;SEASHELLS;69289;4
56200;;SUBMISSION;STRAWBERRIES;SEASHELLS;3968;24
56200;;SUBMISSION;CHOCOLATE;SEASHELLS;7867;16
56300;;;ROSES;SEASHELLS;13711;3
56400;;;STARFRUIT;SEASHELLS;4896;1
56700;;;STRAWBERRIES;SEASHELLS;3968;9
56700;;;ROSES;SEASHELLS;13712;2
56800;;SUBMISSION;STARFRUIT;SEASHELLS;4901;9
56900;;;COCONUT;SEASHELLS;9896;6
56900;SUBMISSION;;AMETHYSTS;SEASHELLS;9998;1
57000;;SUBMISSION;STARFRUIT;SEASHELLS;4902;1
57100;;SUBMISSION;STARFRUIT;SEASHELLS;4902;9
57200;;;ROSES;SEASHELLS;13714;1
57300;;;ROSES;SEASHELLS;13709;4
57400;SUBMISSION;;STARFRUIT;SEASHELLS;4901;5
57800;;;STRAWBERRIES;SEASHELLS;3967;4
57900;;;ROSES;SEASHELLS;13716;3
57900;;;COCONUT;SEASHELLS;9892;8
57900;;SUBMISSION;AMETHYSTS;SEASHELLS;10002;7
58000;;;COCONUT;SEASHELLS;9890;8
58100;;;STARFRUIT;SEASHELLS;4898;1
58200;;SUBMISSION;STARFRUIT;SEASHELLS;4903;9
58200;;SUBMISSION;STARFRUIT;SEASHELLS;4903;1
58400;;SUBMISSION;STARFRUIT;SEASHELLS;4903;1
58400;;;STRAWBERRIES;SEASHELLS;3969;9
58400;;SUBMISSION;AMETHYSTS;SEASHELLS;10004;1
58600;;SUBMISSION;AMETHYSTS;SEASHELLS;10002;1
58600;;;COCONUT;SEASHELLS;9892;9
58600;;;STARFRUIT;SEASHELLS;4897;1
58700;SUBMISSION;;AMETHYSTS;SEASHELLS;9998;1
58800;;SUBMISSION;AMETHYSTS;SEASHELLS;10002;4
58800;;;STRAWBERRIES;SEASHELLS;3967;5
58900;;;STARFRUIT;SEASHELLS;4896;1
58900;;;COCONUT_COUPON;SEASHELLS;601;20
58900;;SUBMISSION;AMETHYSTS;SEASHELLS;10002;2
59100;;;COCONUT;SEASHELLS;9890;8
59200;SUBMISSION;;STARFRUIT;SEASHELLS;4900;25
59200;;;AMETHYSTS;SEASHELLS;9998;1
59300;SUBMISSION;;AMETHYSTS;SEASHELLS;9996;2
59300;;;STARFRUIT;SEASHELLS;4896;2
59500;;;COCONUT_COUPON;SEASHELLS;598;16
59500;SUBMISSION;;AMETHYSTS;SEASHELLS;9999;1
59500;;;STARFRUIT;SEASHELLS;4897;1
59600;;;CHOCOLATE;SEASHELLS;7861;8
59700;;;STARFRUIT;SEASHELLS;4899;1
59900;;;ROSES;SEASHELLS;13704;3
60000;;;CHOCOLATE;SEASHELLS;7861;5
60100;;SUBMISSION;STARFRUIT;SEASHELLS;4902;4
60200;;SUBMISSION;AMETHYSTS;SEASHELLS;10002;1
60300;;SUBMISSION;AMETHYSTS;SEASHELLS;10002;1
60300;;;STARFRUIT;SEASHELLS;4898;1
60400;;;ROSES;SEASHELLS;13700;2
60400;;SUBMISSION;STARFRUIT;SEASHELLS;4903;1
60400;;;STRAWBERRIES;SEASHELLS;3969;6
60400;SUBMISSION;;STARFRUIT;SEASHELLS;4899;4
60400;;;STARFRUIT;SEASHELLS;4899;11
60400;;;AMETHYSTS;SEASHELLS;10002;1
60400;;SUBMISSION;AMETHYSTS;SEASHELLS;10002;3
60500;SUBMISSION;;AMETHYSTS;SEASHELLS;9998;1
60600;;SUBMISSION;STARFRUIT;SEASHELLS;4904;1
60600;;SUBMISSION;AMETHYSTS;SEASHELLS;10003;1
60600;;;CHOCOLATE;SEASHELLS;7864;6
60700;SUBMISSION;;AMETHYSTS;SEASHELLS;9999;2
60700;SUBMISSION;;STARFRUIT;SEASHELLS;4899;2
60800;;;ROSES;SEASHELLS;13691;1
60900;SUBMISSION;;AMETHYSTS;SEASHELLS;9998;4
61000;;;STRAWBERRIES;SEASHELLS;3970;10
61100;;;CHOCOLATE;SEASHELLS;7865;7
61100;;;CHOCOLATE;SEASHELLS;7865;5
61100;;;STARFRUIT;SEASHELLS;4898;1
61200;;;STARFRUIT;SEASHELLS;4900;1
61200;;;STARFRUIT;SEASHELLS;4903;1
61200;;;STARFRUIT;SEASHELLS;4900;8
61200;SUBMISSION;;AMETHYSTS;SEASHELLS;9998;1
61300;;;STRAWBERRIES;SEASHELLS;3970;10
61400;;SUBMISSION;STARFRUIT;SEASHELLS;4902;1
61400;;;ROSES;SEASHELLS;13675;4
61600;;;STARFRUIT;SEASHELLS;4902;1
61700;;;AMETHYSTS;SEASHELLS;9998;1
61700;;;GIFT_BASKET;SEASHELLS;69345;1
61700;;SUBMISSION;AMETHYSTS;SEASHELLS;10002;9
61800;;;AMETHYSTS;SEASHELLS;10002;1
61900;;SUBMISSION;AMETHYSTS;SEASHELLS;10002;1
61900;;;STRAWBERRIES;SEASHELLS;3971;10
61900;;SUBMISSION;AMETHYSTS;SEASHELLS;10003;2
61900;;SUBMISSION;STARFRUIT;SEASHELLS;4902;2
61900;;;STRAWBERRIES;SEASHELLS;3971;4
62000;;;STRAWBERRIES;SEASHELLS;3973;9
62100;SUBMISSION;;STARFRUIT;SEASHELLS;4896;1
62100;SUBMISSION;;AMETHYSTS;SEASHELLS;9998;1
62100;SUBMISSION;;AMETHYSTS;SEASHELLS;9996;1
62100;SUBMISSION;;STARFRUIT;SEASHELLS;4897;2
62200;;;COCONUT_COUPON;SEASHELLS;592;5
62200;;;STARFRUIT;SEASHELLS;4895;2
62200;SUBMISSION;;AMETHYSTS;SEASHELLS;9997;2
62200;;;STRAWBERRIES;SEASHELLS;3973;10
62300;;;STARFRUIT;SEASHELLS;4895;1
62400;;;CHOCOLATE;SEASHELLS;7862;6
62500;;;CHOCOLATE;SEASHELLS;7863;8
62500;;;STRAWBERRIES;SEASHELLS;3973;10
62500;;;STARFRUIT;SEASHELLS;4895;2
62500;;SUBMISSION;AMETHYSTS;SEASHELLS;10003;5
62500;SUBMISSION;;AMETHYSTS;SEASHELLS;9997;2
62600;;SUBMISSION;AMETHYSTS;SEASHELLS;10002;1
62700;;;ROSES;SEASHELLS;13660;1
62700;;;STARFRUIT;SEASHELLS;4897;1
62700;;SUBMISSION;AMETHYSTS;SEASHELLS;10003;1
62700;;;CHOCOLATE;SEASHELLS;7858;4
62700;SUBMISSION;;AMETHYSTS;SEASHELLS;10000;6
62800;;;CHOCOLATE;SEASHELLS;7857;7
62900;;SUBMISSION;STARFRUIT;SEASHELLS;4897;6
63000;SUBMISSION;;AMETHYSTS;SEASHELLS;9998;1
63000;;;COCONUT_COUPON;SEASHELLS;596;19
63000;;;ROSES;SEASHELLS;13659;3
63100;;;STRAWBERRIES;SEASHELLS;3973;9
63100;;;COCONUT_COUPON;SEASHELLS;598;14
63400;;;COCONUT;SEASHELLS;9881;6
63400;;SUBMISSION;AMETHYSTS;SEASHELLS;10002;4
63500;;;CHOCOLATE;SEASHELLS;7860;5
63500;SUBMISSION;;AMETHYSTS;SEASHELLS;10000;2
63500;;;STARFRUIT;SEASHELLS;4894;1
63500;SUBMISSION;;AMETHYSTS;SEASHELLS;9996;8
63500;SUBMISSION;;STARFRUIT;SEASHELLS;4896;2
63600;;;STARFRUIT;SEASHELLS;4895;7
63600;;;ROSES;SEASHELLS;13654;2
63600;SUBMISSION;;STARFRUIT;SEASHELLS;4895;1
63700;;SUBMISSION;AMETHYSTS;SEASHELLS;10002;9
63700;;;STARFRUIT;SEASHELLS;4900;1
63800;;SUBMISSION;AMETHYSTS;SEASHELLS;10004;1
63800;SUBMISSION;;STARFRUIT;SEASHELLS;4899;3
63800;;SUBMISSION;STARFRUIT;SEASHELLS;4901;1
63800;;;STRAWBERRIES;SEASHELLS;3975;6
63900;SUBMISSION;;AMETHYSTS;SEASHELLS;9997;1
63900;;;STARFRUIT;SEASHELLS;4895;1
63900;;;AMETHYSTS;SEASHELLS;10002;4
63900;;;STARFRUIT;SEASHELLS;4898;3
63900;SUBMISSION;;STARFRUIT;SEASHELLS;4898;1
64500;;;STRAWBERRIES;SEASHELLS;3974;4
64500;;;COCONUT_COUPON;SEASHELLS;591;16
64600;;SUBMISSION;STARFRUIT;SEASHELLS;4898;4
64600;;;CHOCOLATE;SEASHELLS;7855;6
64700;;;CHOCOLATE;SEASHELLS;7857;8
64800;;;ROSES;SEASHELLS;13652;1
64800;SUBMISSION;;STARFRUIT;SEASHELLS;4895;4
64800;;;STRAWBERRIES;SEASHELLS;3974;8
64900;;;STRAWBERRIES;SEASHELLS;3975;12
65000;SUBMISSION;;AMETHYSTS;SEASHELLS;10000;3
65000;;;STARFRUIT;SEASHELLS;4897;2
65000;;;COCONUT_COUPON;SEASHELLS;586;16
65000;;;COCONUT_COUPON;SEASHELLS;586;1
65000;;;STARFRUIT;SEASHELLS;4898;1
65100;;SUBMISSION;STARFRUIT;SEASHELLS;4899;1
65200;;;COCONUT_COUPON;SEASHELLS;587;14
65300;;;ROSES;SEASHELLS;13649;4
65300;SUBMISSION;;AMETHYSTS;SEASHELLS;9998;1
65400;;;STARFRUIT;SEASHELLS;4894;1
65400;;SUBMISSION;STARFRUIT;SEASHELLS;4898;11
65400;;;ROSES;SEASHELLS;13648;7
65600;;;AMETHYSTS;SEASHELLS;10002;1
65700;;SUBMISSION;STARFRUIT;SEASHELLS;4899;1
65800;;SUBMISSION;STARFRUIT;SEASHELLS;4898;4
65900;;;AMETHYSTS;SEASHELLS;10002;1
66000;;SUBMISSION;AMETHYSTS;SEASHELLS;10003;2
66000;;SUBMISSION;STARFRUIT;SEASHELLS;4899;2
66100;;SUBMISSION;ROSES;SEASHELLS;13644;3
66100;;SUBMISSION;STRAWBERRIES;SEASHELLS;3974;18
66100;;;GIFT_BASKET;SEASHELLS;69217;10
66100;SUBMISSION;;GIFT_BASKET;SEASHELLS;69217;3
66100;;;COCONUT_COUPON;SEASHELLS;587;5
66100;;;COCONUT;SEASHELLS;9881;7
66100;;SUBMISSION;CHOCOLATE;SEASHELLS;7858;12
66200;SUBMISSION;;GIFT_BASKET;SEASHELLS;69212;3
66200;;SUBMISSION;ROSES;SEASHELLS;13648;3
66200;;SUBMISSION;STRAWBERRIES;SEASHELLS;3974;18
66200;;SUBMISSION;CHOCOLATE;SEASHELLS;7857;12
66300;;SUBMISSION;CHOCOLATE;SEASHELLS;7857;12
66300;;SUBMISSION;ROSES;SEASHELLS;13645;3
66300;SUBMISSION;;GIFT_BASKET;SEASHELLS;69211;2
66300;SUBMISSION;;GIFT_BASKET;SEASHELLS;69212;1
66300;;SUBMISSION;STRAWBERRIES;SEASHELLS;3973;18
66400;SUBMISSION;;AMETHYSTS;SEASHELLS;9998;1
66400;SUBMISSION;;STARFRUIT;SEASHELLS;4897;6
66400;;SUBMISSION;CHOCOLATE;SEASHELLS;7856;16
66400;;SUBMISSION;STRAWBERRIES;SEASHELLS;3973;24
66400;SUBMISSION;;GIFT_BASKET;SEASHELLS;69207;2
66400;SUBMISSION;;GIFT_BASKET;SEASHELLS;69206;2
66400;;SUBMISSION;ROSES;SEASHELLS;13645;4
66500;;SUBMISSION;STRAWBERRIES;SEASHELLS;3973;24
66500;SUBMISSION;;GIFT_BASKET;SEASHELLS;69204;2
66500;SUBMISSION;;GIFT_BASKET;SEASHELLS;69203;2
66500;;SUBMISSION;CHOCOLATE;SEASHELLS;7857;16
66500;;;CHOCOLATE;SEASHELLS;7857;4
66500;;SUBMISSION;ROSES;SEASHELLS;13649;4
66600;;SUBMISSION;CHOCOLATE;SEASHELLS;7855;12
66600;;SUBMISSION;ROSES;SEASHELLS;13644;3
66600;SUBMISSION;;GIFT_BASKET;SEASHELLS;69183;2
66600;;;STRAWBERRIES;SEASHELLS;3973;4
66600;;SUBMISSION;STRAWBERRIES;SEASHELLS;3973;18
66600;SUBMISSION;;GIFT_BASKET;SEASHELLS;69184;1
66700;SUBMISSION;;GIFT_BASKET;SEASHELLS;69173;2
66700;SUBMISSION;;GIFT_BASKET;SEASHELLS;69174;2
66700;;;STARFRUIT;SEASHELLS;4893;1
66700;;SUBMISSION;STRAWBERRIES;SEASHELLS;3973;24
66700;;SUBMISSION;ROSES;SEASHELLS;13643;4
66700;;SUBMISSION;CHOCOLATE;SEASHELLS;7855;16
66700;;;ROSES;SEASHELLS;13644;3
66700;;SUBMISSION;AMETHYSTS;SEASHELLS;10002;1
66800;;SUBMISSION;STRAWBERRIES;SEASHELLS;3972;24
66800;;SUBMISSION;ROSES;SEASHELLS;13643;4
66800;;SUBMISSION;CHOCOLATE;SEASHELLS;7856;16
66800;SUBMISSION;;GIFT_BASKET;SEASHELLS;69182;3
66800;SUBMISSION;;GIFT_BASKET;SEASHELLS;69181;1
66900;;SUBMISSION;STRAWBERRIES;SEASHELLS;3973;18
66900;SUBMISSION;;GIFT_BASKET;SEASHELLS;69193;3
66900;;SUBMISSION;CHOCOLATE;SEASHELLS;7855;12
66900;;SUBMISSION;ROSES;SEASHELLS;13641;3
67000;;SUBMISSION;STRAWBERRIES;SEASHELLS;3973;24
67000;SUBMISSION;;GIFT_BASKET;SEASHELLS;69193;3
67000;;SUBMISSION;ROSES;SEASHELLS;13643;4
67000;;SUBMISSION;CHOCOLATE;SEASHELLS;7854;16
67000;;SUBMISSION;COCONUT_COUPON;SEASHELLS;589;8
67000;SUBMISSION;;GIFT_BASKET;SEASHELLS;69198;1
67100;;SUBMISSION;CHOCOLATE;SEASHELLS;7854;16
67100;;SUBMISSION;STRAWBERRIES;SEASHELLS;3973;24
67100;;SUBMISSION;ROSES;SEASHELLS;13643;4
67100;SUBMISSION;;GIFT_BASKET;SEASHELLS;69194;2
67100;SUBMISSION;;AMETHYSTS;SEASHELLS;9998;1
67100;SUBMISSION;;GIFT_BASKET;SEASHELLS;69193;2
67200;;SUBMISSION;ROSES;SEASHELLS;13643;4
67200;SUBMISSION;;GIFT_BASKET;SEASHELLS;69201;3
67200;;;COCONUT;SEASHELLS;9875;7
67200;;SUBMISSION;CHOCOLATE;SEASHELLS;7854;16
67200;;SUBMISSION;STARFRUIT;SEASHELLS;4899;7
67200;SUBMISSION;;GIFT_BASKET;SEASHELLS;69200;1
67200;;SUBMISSION;STRAWBERRIES;SEASHELLS;3974;24
67300;;SUBMISSION;STRAWBERRIES;SEASHELLS;3974;18
67300;;SUBMISSION;ROSES;SEASHELLS;13644;3
67300;SUBMISSION;;GIFT_BASKET;SEASHELLS;69199;3
67300;;SUBMISSION;CHOCOLATE;SEASHELLS;7853;12
67400;SUBMISSION;;GIFT_BASKET;SEASHELLS;69205;1
67400;;SUBMISSION;CHOCOLATE;SEASHELLS;7853;12
67400;SUBMISSION;;GIFT_BASKET;SEASHELLS;69204;2
67400;;SUBMISSION;ROSES;SEASHELLS;13643;3
67400;;SUBMISSION;STRAWBERRIES;SEASHELLS;3974;18
67500;;;COCONUT;SEASHELLS;9877;10
67500;;;STARFRUIT;SEASHELLS;4894;1
67500;;;ROSES;SEASHELLS;13639;4
67600;SUBMISSION;;GIFT_BASKET;SEASHELLS;69191;2
67600;;SUBMISSION;AMETHYSTS;SEASHELLS;10004;2
67600;;SUBMISSION;ROSES;SEASHELLS;13639;2
67600;;;STRAWBERRIES;SEASHELLS;3976;8
67600;;SUBMISSION;CHOCOLATE;SEASHELLS;7850;8
67600;;SUBMISSION;STRAWBERRIES;SEASHELLS;3974;12
67700;;;CHOCOLATE;SEASHELLS;7851;6
67700;;SUBMISSION;CHOCOLATE;SEASHELLS;7851;8
67700;;SUBMISSION;ROSES;SEASHELLS;13643;2
67700;SUBMISSION;;GIFT_BASKET;SEASHELLS;69196;1
67700;SUBMISSION;;GIFT_BASKET;SEASHELLS;69197;1
67700;;SUBMISSION;STRAWBERRIES;SEASHELLS;3974;12
67800;SUBMISSION;;STARFRUIT;SEASHELLS;4895;2
67800;;SUBMISSION;ROSES;SEASHELLS;13645;2
67800;;SUBMISSION;STRAWBERRIES;SEASHELLS;3974;12
67800;;SUBMISSION;CHOCOLATE;SEASHELLS;7852;8
67800;;;STRAWBERRIES;SEASHELLS;3975;7
67800;SUBMISSION;;GIFT_BASKET;SEASHELLS;69190;2
67900;;;STARFRUIT;SEASHELLS;4894;1
67900;;SUBMISSION;CHOCOLATE;SEASHELLS;7852;8
67900;SUBMISSION;;GIFT_BASKET;SEASHELLS;69190;1
67900;SUBMISSION;;GIFT_BASKET;SEASHELLS;69189;1
67900;;SUBMISSION;STRAWBERRIES;SEASHELLS;3974;12
67900;;SUBMISSION;ROSES;SEASHELLS;13645;2
68000;SUBMISSION;;GIFT_BASKET;SEASHELLS;69192;1
68000;SUBMISSION;;STARFRUIT;SEASHELLS;4895;2
68000;;SUBMISSION;AMETHYSTS;SEASHELLS;10004;2
68000;;SUBMISSION;ROSES;SEASHELLS;13642;1
68000;SUBMISSION;;AMETHYSTS;SEASHELLS;9996;2
68000;SUBMISSION;;AMETHYSTS;SEASHELLS;9998;1
68000;;SUBMISSION;STRAWBERRIES;SEASHELLS;3975;6
68000;;SUBMISSION;CHOCOLATE;SEASHELLS;7853;4
68100;;;STARFRUIT;SEASHELLS;4894;1
68100;;SUBMISSION;CHOCOLATE;SEASHELLS;7852;4
68100;;SUBMISSION;STRAWBERRIES;SEASHELLS;3974;6
68100;;;STRAWBERRIES;SEASHELLS;3976;6
68100;;SUBMISSION;ROSES;SEASHELLS;13640;1
68100;SUBMISSION;;GIFT_BASKET;SEASHELLS;69191;1
68200;;SUBMISSION;ROSES;SEASHELLS;13641;1
68200;;SUBMISSION;STRAWBERRIES;SEASHELLS;3974;6
68200;;SUBMISSION;CHOCOLATE;SEASHELLS;7853;4
68200;SUBMISSION;;GIFT_BASKET;SEASHELLS;69198;1
68300;;SUBMISSION;CHOCOLATE;SEASHELLS;7852;4
68300;;SUBMISSION;STRAWBERRIES;SEASHELLS;3975;6
68300;SUBMISSION;;GIFT_BASKET;SEASHELLS;69188;1
68300;;SUBMISSION;ROSES;SEASHELLS;13642;1
68400;;SUBMISSION;AMETHYSTS;SEASHELLS;10002;1
68400;;SUBMISSION;ROSES;SEASHELLS;13645;1
68400;;SUBMISSION;STRAWBERRIES;SEASHELLS;3975;6
68400;SUBMISSION;;GIFT_BASKET;SEASHELLS;69203;1
68400;;SUBMISSION;CHOCOLATE;SEASHELLS;7853;4
68500;SUBMISSION;;AMETHYSTS;SEASHELLS;9998;1
68500;;SUBMISSION;CHOCOLATE;SEASHELLS;7855;4
68500;SUBMISSION;;STARFRUIT;SEASHELLS;4896;6
68500;;SUBMISSION;STRAWBERRIES;SEASHELLS;3975;6
68500;;SUBMISSION;ROSES;SEASHELLS;13643;1
68500;SUBMISSION;;AMETHYSTS;SEASHELLS;10000;6
68500;SUBMISSION;;GIFT_BASKET;SEASHELLS;69192;1
68500;;;COCONUT;SEASHELLS;9876;1
68600;;SUBMISSION;ROSES;SEASHELLS;13639;1
68600;SUBMISSION;;GIFT_BASKET;SEASHELLS;69190;1
68600;;SUBMISSION;CHOCOLATE;SEASHELLS;7855;4
68600;;SUBMISSION;STRAWBERRIES;SEASHELLS;3975;6
68600;;;ROSES;SEASHELLS;13640;5
68700;;SUBMISSION;CHOCOLATE;SEASHELLS;7854;4
68700;SUBMISSION;;GIFT_BASKET;SEASHELLS;69180;1
68700;;SUBMISSION;ROSES;SEASHELLS;13635;1
68700;;SUBMISSION;STRAWBERRIES;SEASHELLS;3974;6
68800;;SUBMISSION;ROSES;SEASHELLS;13635;1
68800;SUBMISSION;;GIFT_BASKET;SEASHELLS;69169;1
68800;;SUBMISSION;CHOCOLATE;SEASHELLS;7853;4
68800;;SUBMISSION;STRAWBERRIES;SEASHELLS;3974;6
68900;;SUBMISSION;ROSES;SEASHELLS;13637;1
68900;SUBMISSION;;GIFT_BASKET;SEASHELLS;69167;1
68900;;SUBMISSION;STRAWBERRIES;SEASHELLS;3974;6
68900;;SUBMISSION;CHOCOLATE;SEASHELLS;7853;4
69000;SUBMISSION;;GIFT_BASKET;SEASHELLS;69167;1
69000;;SUBMISSION;ROSES;SEASHELLS;13637;1
69000;;SUBMISSION;STRAWBERRIES;SEASHELLS;3973;6
69000;;SUBMISSION;CHOCOLATE;SEASHELLS;7854;4
69100;;SUBMISSION;CHOCOLATE;SEASHELLS;7853;4
69100;;SUBMISSION;ROSES;SEASHELLS;13637;1
69100;SUBMISSION;;GIFT_BASKET;SEASHELLS;69164;1
69100;;SUBMISSION;STRAWBERRIES;SEASHELLS;3974;6
69100;;;STRAWBERRIES;SEASHELLS;3975;4
69200;SUBMISSION;;GIFT_BASKET;SEASHELLS;69165;1
69200;;SUBMISSION;ROSES;SEASHELLS;13638;1
69200;;SUBMISSION;CHOCOLATE;SEASHELLS;7854;4
69200;;SUBMISSION;STRAWBERRIES;SEASHELLS;3974;6
69300;;;COCONUT;SEASHELLS;9879;6
69300;;SUBMISSION;CHOCOLATE;SEASHELLS;7853;4
69300;;SUBMISSION;STRAWBERRIES;SEASHELLS;3973;6
69300;;SUBMISSION;ROSES;SEASHELLS;13640;1
69300;SUBMISSION;;GIFT_BASKET;SEASHELLS;69165;1
69400;;SUBMISSION;STRAWBERRIES;SEASHELLS;3973;6
69400;SUBMISSION;;STARFRUIT;SEASHELLS;4896;6
69400;;SUBMISSION;CHOCOLATE;SEASHELLS;7855;4
69400;;SUBMISSION;ROSES;SEASHELLS;13637;1
69400;SUBMISSION;;GIFT_BASKET;SEASHELLS;69171;1
69600;SUBMISSION;;AMETHYSTS;SEASHELLS;9999;1
69600;SUBMISSION;;STARFRUIT;SEASHELLS;4894;1
69600;;;AMETHYSTS;SEASHELLS;9998;1
69600;;SUBMISSION;AMETHYSTS;SEASHELLS;10002;6
69700;;;STRAWBERRIES;SEASHELLS;3974;6
69700;;;COCONUT;SEASHELLS;9880;8
70100;;;ROSES;SEASHELLS;13630;2
70100;;SUBMISSION;STARFRUIT;SEASHELLS;4898;1
70200;;SUBMISSION;AMETHYSTS;SEASHELLS;10002;3
70200;;;COCONUT;SEASHELLS;9882;5
70300;;;CHOCOLATE;SEASHELLS;7856;6
70400;;;COCONUT_COUPON;SEASHELLS;595;13
70500;;;CHOCOLATE;SEASHELLS;7857;8
70500;;SUBMISSION;STARFRUIT;SEASHELLS;4898;13
70500;SUBMISSION;;AMETHYSTS;SEASHELLS;9999;2
70500;SUBMISSION;;STARFRUIT;SEASHELLS;4895;2
70600;SUBMISSION;;AMETHYSTS;SEASHELLS;9998;2
70700;;SUBMISSION;ORCHIDS;SEASHELLS;1097;6
70800;;SUBMISSION;AMETHYSTS;SEASHELLS;10004;1
70800;;SUBMISSION;STARFRUIT;SEASHELLS;4899;1
70900;;;CHOCOLATE;SEASHELLS;7856;5
71100;;;AMETHYSTS;SEASHELLS;10002;5
71100;;;AMETHYSTS;SEASHELLS;9998;1
71200;;;STARFRUIT;SEASHELLS;4893;1
71200;;;STRAWBERRIES;SEASHELLS;3974;6
71500;SUBMISSION;;AMETHYSTS;SEASHELLS;9998;1
71900;;;STRAWBERRIES;SEASHELLS;3972;6
72200;SUBMISSION;;STARFRUIT;SEASHELLS;4894;13
72200;;;CHOCOLATE;SEASHELLS;7855;5
72400;;SUBMISSION;STARFRUIT;SEASHELLS;4897;2
72500;;;COCONUT;SEASHELLS;9879;9
72500;;;CHOCOLATE;SEASHELLS;7853;7
72600;SUBMISSION;;STARFRUIT;SEASHELLS;4894;1
72600;;;STRAWBERRIES;SEASHELLS;3973;8
72600;SUBMISSION;;AMETHYSTS;SEASHELLS;9997;1
72700;;;CHOCOLATE;SEASHELLS;7853;7
72700;;SUBMISSION;STARFRUIT;SEASHELLS;4899;1
72700;;SUBMISSION;AMETHYSTS;SEASHELLS;10003;1
72700;;SUBMISSION;AMETHYSTS;SEASHELLS;10002;2
72800;SUBMISSION;;AMETHYSTS;SEASHELLS;9998;1
72900;SUBMISSION;;AMETHYSTS;SEASHELLS;9998;1
73000;;;GIFT_BASKET;SEASHELLS;69102;1
73000;;;AMETHYSTS;SEASHELLS;10002;5
73000;;;ORCHIDS;SEASHELLS;1097;2
73200;;;AMETHYSTS;SEASHELLS;10002;1
73200;SUBMISSION;;AMETHYSTS;SEASHELLS;9998;7
73300;;SUBMISSION;STARFRUIT;SEASHELLS;4899;15
73300;;;COCONUT_COUPON;SEASHELLS;596;20
73400;;SUBMISSION;STARFRUIT;SEASHELLS;4899;1
73600;;SUBMISSION;AMETHYSTS;SEASHELLS;10003;1
73600;;SUBMISSION;STARFRUIT;SEASHELLS;4898;1
73700;;;ROSES;SEASHELLS;13622;3
73700;;;CHOCOLATE;SEASHELLS;7852;7
73900;;;GIFT_BASKET;SEASHELLS;69116;1
73900;;;GIFT_BASKET;SEASHELLS;69115;7
74000;;;COCONUT_COUPON;SEASHELLS;592;17
74000;;;GIFT_BASKET;SEASHELLS;69124;1
74000;;;GIFT_BASKET;SEASHELLS;69124;2
74100;SUBMISSION;;STARFRUIT;SEASHELLS;4895;2
74100;;;STARFRUIT;SEASHELLS;4892;1
74400;SUBMISSION;;AMETHYSTS;SEASHELLS;9997;1
74400;SUBMISSION;;STARFRUIT;SEASHELLS;4894;1
74600;;SUBMISSION;AMETHYSTS;SEASHELLS;10002;1
74700;SUBMISSION;;STARFRUIT;SEASHELLS;4893;2
74700;SUBMISSION;;AMETHYSTS;SEASHELLS;9997;2
74800;;SUBMISSION;ORCHIDS;SEASHELLS;1099;5
74900;;SUBMISSION;AMETHYSTS;SEASHELLS;10003;12
74900;;;STARFRUIT;SEASHELLS;4897;1
75100;;;STARFRUIT;SEASHELLS;4893;1
75100;;;CHOCOLATE;SEASHELLS;7843;6
75200;SUBMISSION;;STARFRUIT;SEASHELLS;4893;1
75200;;;COCONUT_COUPON;SEASHELLS;592;2
75200;;;COCONUT_COUPON;SEASHELLS;592;18
75400;SUBMISSION;;STARFRUIT;SEASHELLS;4894;1
75500;;;STARFRUIT;SEASHELLS;4893;1
75600;;;COCONUT;SEASHELLS;9883;6
75900;;;COCONUT;SEASHELLS;9884;9
76000;SUBMISSION;;STARFRUIT;SEASHELLS;4894;7
76000;;;ROSES;SEASHELLS;13619;3
76100;;;STRAWBERRIES;SEASHELLS;3971;4
76200;;;STRAWBERRIES;SEASHELLS;3971;9
76300;;SUBMISSION;AMETHYSTS;SEASHELLS;10002;4
76300;;;AMETHYSTS;SEASHELLS;10002;1
76300;;;COCONUT_COUPON;SEASHELLS;594;10
76300;;SUBMISSION;AMETHYSTS;SEASHELLS;10002;0
76300;;;AMETHYSTS;SEASHELLS;10002;4
76300;;;ROSES;SEASHELLS;13623;5
76400;;SUBMISSION;STARFRUIT;SEASHELLS;4897;8
76400;SUBMISSION;;AMETHYSTS;SEASHELLS;9998;1
76500;;;STARFRUIT;SEASHELLS;4892;1
76600;SUBMISSION;;STARFRUIT;SEASHELLS;4896;16
76700;;SUBMISSION;STARFRUIT;SEASHELLS;4898;10
76700;SUBMISSION;;AMETHYSTS;SEASHELLS;9998;8
76700;;;STRAWBERRIES;SEASHELLS;3969;11
76700;;;ROSES;SEASHELLS;13618;1
76800;;;GIFT_BASKET;SEASHELLS;69057;4
77000;;;AMETHYSTS;SEASHELLS;9998;1
77000;;;STARFRUIT;SEASHELLS;4893;1
77100;;SUBMISSION;STARFRUIT;SEASHELLS;4899;5
77200;;;AMETHYSTS;SEASHELLS;10002;1
77300;;;STARFRUIT;SEASHELLS;4894;1
77400;;SUBMISSION;STARFRUIT;SEASHELLS;4899;1
77400;;SUBMISSION;AMETHYSTS;SEASHELLS;10003;1
77500;;;COCONUT;SEASHELLS;9881;9
77500;;SUBMISSION;STARFRUIT;SEASHELLS;4898;5
77600;;SUBMISSION;AMETHYSTS;SEASHELLS;10004;7
77800;;SUBMISSION;AMETHYSTS;SEASHELLS;10003;8
77800;SUBMISSION;;STARFRUIT;SEASHELLS;4895;1
77800;SUBMISSION;;AMETHYSTS;SEASHELLS;9999;1
77900;;;STRAWBERRIES;SEASHELLS;3969;5
78000;;SUBMISSION;STARFRUIT;SEASHELLS;4898;2
78000;;;STARFRUIT;SEASHELLS;4899;1
78000;;SUBMISSION;STARFRUIT;SEASHELLS;4898;12
78000;;;GIFT_BASKET;SEASHELLS;69080;1
78000;;SUBMISSION;AMETHYSTS;SEASHELLS;10003;2
78100;;;STRAWBERRIES;SEASHELLS;3970;9
78100;;;COCONUT_COUPON;SEASHELLS;593;19
78200;SUBMISSION;;AMETHYSTS;SEASHELLS;9998;1
78300;;;COCONUT_COUPON;SEASHELLS;593;15
78400;;;STRAWBERRIES;SEASHELLS;3970;6
78600;;;COCONUT_COUPON;SEASHELLS;592;6
78600;;;STRAWBERRIES;SEASHELLS;3971;10
78700;SUBMISSION;;STARFRUIT;SEASHELLS;4897;6
78700;;;STARFRUIT;SEASHELLS;4895;1
78700;;;ROSES;SEASHELLS;13608;4
78700;SUBMISSION;;AMETHYSTS;SEASHELLS;10000;6
78800;;SUBMISSION;STARFRUIT;SEASHELLS;4899;10
78900;;SUBMISSION;AMETHYSTS;SEASHELLS;10002;1
78900;;;STRAWBERRIES;SEASHELLS;3969;10
78900;;;CHOCOLATE;SEASHELLS;7842;5
79000;;;COCONUT_COUPON;SEASHELLS;591;13
79000;;;STRAWBERRIES;SEASHELLS;3969;5
79100;;;STARFRUIT;SEASHELLS;4896;1
79200;;;STARFRUIT;SEASHELLS;4896;1
79200;SUBMISSION;;STARFRUIT;SEASHELLS;4897;9
79300;;;COCONUT_COUPON;SEASHELLS;591;11
79300;;SUBMISSION;STARFRUIT;SEASHELLS;4901;1
79300;;SUBMISSION;STARFRUIT;SEASHELLS;4900;9
79400;;SUBMISSION;ORCHIDS;SEASHELLS;1102;6
79400;;;STARFRUIT;SEASHELLS;4900;5
79500;;;GIFT_BASKET;SEASHELLS;69098;1
79600;;SUBMISSION;AMETHYSTS;SEASHELLS;10002;5
79600;;SUBMISSION;AMETHYSTS;SEASHELLS;10003;1
79600;;SUBMISSION;STARFRUIT;SEASHELLS;4902;1
79700;;;CHOCOLATE;SEASHELLS;7841;8
79700;;;AMETHYSTS;SEASHELLS;9998;1
79800;;SUBMISSION;AMETHYSTS;SEASHELLS;10001;3
79800;SUBMISSION;;STARFRUIT;SEASHELLS;4899;12
79800;;;STRAWBERRIES;SEASHELLS;3968;5
79900;;;CHOCOLATE;SEASHELLS;7839;8
80000;SUBMISSION;;AMETHYSTS;SEASHELLS;9998;1
80000;;;STRAWBERRIES;SEASHELLS;3969;6
80100;;;COCONUT_COUPON;SEASHELLS;594;18
80100;SUBMISSION;;STARFRUIT;SEASHELLS;4896;8
80100;;;GIFT_BASKET;SEASHELLS;69088;1
80100;;;STRAWBERRIES;SEASHELLS;3968;9
80100;;;COCONUT_COUPON;SEASHELLS;594;2
80200;;;COCONUT;SEASHELLS;9877;5
80300;;;STRAWBERRIES;SEASHELLS;3968;5
80500;;;STRAWBERRIES;SEASHELLS;3968;12
80500;SUBMISSION;;AMETHYSTS;SEASHELLS;9998;1
80600;;;GIFT_BASKET;SEASHELLS;69090;5
80700;SUBMISSION;;AMETHYSTS;SEASHELLS;9996;2
80700;SUBMISSION;;STARFRUIT;SEASHELLS;4897;2
80800;;;COCONUT;SEASHELLS;9880;8
80800;;;STARFRUIT;SEASHELLS;4896;1
80900;SUBMISSION;;AMETHYSTS;SEASHELLS;9998;1
81000;;;GIFT_BASKET;SEASHELLS;69111;2
81000;SUBMISSION;;AMETHYSTS;SEASHELLS;9998;1
81200;;;STRAWBERRIES;SEASHELLS;3970;3
81300;;SUBMISSION;STARFRUIT;SEASHELLS;4900;3
81300;;;ROSES;SEASHELLS;13615;5
81300;;;STARFRUIT;SEASHELLS;4900;1
81500;;;ROSES;SEASHELLS;13618;2
81600;SUBMISSION;;AMETHYSTS;SEASHELLS;9998;1
81700;;;CHOCOLATE;SEASHELLS;7836;7
81700;;;GIFT_BASKET;SEASHELLS;69119;2
81700;SUBMISSION;;STARFRUIT;SEASHELLS;4895;5
81800;;SUBMISSION;AMETHYSTS;SEASHELLS;10002;3
81800;;;AMETHYSTS;SEASHELLS;9998;5
81900;;;CHOCOLATE;SEASHELLS;7836;5
81900;;SUBMISSION;AMETHYSTS;SEASHELLS;10001;2
82000;;;ROSES;SEASHELLS;13619;6
82100;;;AMETHYSTS;SEASHELLS;10003;2
82100;;SUBMISSION;AMETHYSTS;SEASHELLS;10003;2
82100;;;AMETHYSTS;SEASHELLS;9998;1
82100;SUBMISSION;;AMETHYSTS;SEASHELLS;9998;4
82200;;SUBMISSION;AMETHYSTS;SEASHELLS;10002;1
82300;;;COCONUT;SEASHELLS;9875;3
82300;;SUBMISSION;AMETHYSTS;SEASHELLS;10002;1
82300;;;CHOCOLATE;SEASHELLS;7839;7
82400;;;AMETHYSTS;SEASHELLS;10002;1
82500;;;AMETHYSTS;SEASHELLS;9998;1
82600;;SUBMISSION;STARFRUIT;SEASHELLS;4898;12
82600;;;GIFT_BASKET;SEASHELLS;69129;1
82700;;SUBMISSION;COCONUT;SEASHELLS;9870;1
82800;;SUBMISSION;AMETHYSTS;SEASHELLS;10003;2
82800;SUBMISSION;;COCONUT;SEASHELLS;9873;1
82900;SUBMISSION;;STARFRUIT;SEASHELLS;4893;1
82900;SUBMISSION;;AMETHYSTS;SEASHELLS;9997;1
82900;;SUBMISSION;COCONUT;SEASHELLS;9870;1
82900;SUBMISSION;;STARFRUIT;SEASHELLS;4893;5
83000;SUBMISSION;;COCONUT;SEASHELLS;9874;1
83100;;;CHOCOLATE;SEASHELLS;7837;7
83100;;SUBMISSION;STARFRUIT;SEASHELLS;4896;1
83100;;;GIFT_BASKET;SEASHELLS;69134;3
83300;;SUBMISSION;AMETHYSTS;SEASHELLS;10002;1
83300;;;AMETHYSTS;SEASHELLS;10002;8
83500;SUBMISSION;;STARFRUIT;SEASHELLS;4892;1
83500;;;STRAWBERRIES;SEASHELLS;3975;3
83600;SUBMISSION;;AMETHYSTS;SEASHELLS;9998;1
84000;;;STRAWBERRIES;SEASHELLS;3976;9
84000;;SUBMISSION;STARFRUIT;SEASHELLS;4899;6
84000;;SUBMISSION;COCONUT;SEASHELLS;9871;1
84100;;SUBMISSION;STARFRUIT;SEASHELLS;4898;1
84200;;SUBMISSION;AMETHYSTS;SEASHELLS;10003;1
84200;;;STRAWBERRIES;SEASHELLS;3976;6
84300;;;ROSES;SEASHELLS;13619;2
84600;;;AMETHYSTS;SEASHELLS;10002;2
84600;;SUBMISSION;STARFRUIT;SEASHELLS;4899;2
84700;SUBMISSION;;COCONUT;SEASHELLS;9873;1
84900;;SUBMISSION;STARFRUIT;SEASHELLS;4899;1
84900;SUBMISSION;;AMETHYSTS;SEASHELLS;9998;1
84900;;;ROSES;SEASHELLS;13611;4
85100;SUBMISSION;;AMETHYSTS;SEASHELLS;9998;1
85100;;SUBMISSION;ORCHIDS;SEASHELLS;1106;9
85200;;;STARFRUIT;SEASHELLS;4894;1
85200;;SUBMISSION;STARFRUIT;SEASHELLS;4898;7
85300;;SUBMISSION;STARFRUIT;SEASHELLS;4898;1
85500;;;STARFRUIT;SEASHELLS;4897;1
85600;;SUBMISSION;AMETHYSTS;SEASHELLS;10002;1
85800;;;COCONUT;SEASHELLS;9873;6
85900;;;CHOCOLATE;SEASHELLS;7834;10
86000;;SUBMISSION;AMETHYSTS;SEASHELLS;10002;1
86200;;;CHOCOLATE;SEASHELLS;7831;7
86300;;;AMETHYSTS;SEASHELLS;10002;3
86300;;;ROSES;SEASHELLS;13595;5
86400;;SUBMISSION;COCONUT;SEASHELLS;9871;1
86400;;;GIFT_BASKET;SEASHELLS;69099;2
86500;;;ROSES;SEASHELLS;13600;4
86500;SUBMISSION;;STARFRUIT;SEASHELLS;4895;2
86700;;;STARFRUIT;SEASHELLS;4894;1
86700;;;GIFT_BASKET;SEASHELLS;69123;1
86700;;;COCONUT_COUPON;SEASHELLS;583;7
86900;;;COCONUT;SEASHELLS;9868;7
86900;;;STARFRUIT;SEASHELLS;4898;1
86900;;SUBMISSION;STARFRUIT;SEASHELLS;4898;2
87000;;;STRAWBERRIES;SEASHELLS;3979;3
87100;;SUBMISSION;ORCHIDS;SEASHELLS;1106;4
87200;;;CHOCOLATE;SEASHELLS;7836;7
87200;SUBMISSION;;AMETHYSTS;SEASHELLS;9998;1
87300;SUBMISSION;;AMETHYSTS;SEASHELLS;9998;1
87400;;SUBMISSION;AMETHYSTS;SEASHELLS;10002;1
87500;;;STARFRUIT;SEASHELLS;4897;1
87600;SUBMISSION;;AMETHYSTS;SEASHELLS;9998;1
87700;;;STARFRUIT;SEASHELLS;4898;1
87900;;;ROSES;SEASHELLS;13601;1
88000;;;AMETHYSTS;SEASHELLS;9998;1
88100;;;COCONUT;SEASHELLS;9867;1
88200;SUBMISSION;;AMETHYSTS;SEASHELLS;9998;1
88200;;;STRAWBERRIES;SEASHELLS;3978;7
88300;;;ROSES;SEASHELLS;13597;4
88300;;SUBMISSION;COCONUT;SEASHELLS;9864;1
88300;SUBMISSION;;AMETHYSTS;SEASHELLS;9997;2
88300;SUBMISSION;;STARFRUIT;SEASHELLS;4893;2
88300;;;CHOCOLATE;SEASHELLS;7838;7
88400;SUBMISSION;;COCONUT;SEASHELLS;9866;1
88400;SUBMISSION;;STARFRUIT;SEASHELLS;4893;1
88400;;;ROSES;SEASHELLS;13603;3
88600;;;CHOCOLATE;SEASHELLS;7841;5
88700;;;GIFT_BASKET;SEASHELLS;69138;2
88800;;;GIFT_BASKET;SEASHELLS;69138;2
88900;;SUBMISSION;STARFRUIT;SEASHELLS;4897;3
88900;;;STARFRUIT;SEASHELLS;4897;6
89000;;;STRAWBERRIES;SEASHELLS;3980;10
89000;SUBMISSION;;AMETHYSTS;SEASHELLS;9999;7
89000;SUBMISSION;;COCONUT;SEASHELLS;9874;1
89300;;;STARFRUIT;SEASHELLS;4899;1
89300;;;COCONUT_COUPON;SEASHELLS;589;15
89300;;SUBMISSION;AMETHYSTS;SEASHELLS;10003;1
89500;;;STARFRUIT;SEASHELLS;4900;2
89500;;SUBMISSION;AMETHYSTS;SEASHELLS;10004;2
89500;;;ROSES;SEASHELLS;13625;4
89700;;SUBMISSION;ORCHIDS;SEASHELLS;1106;5
89700;;;STARFRUIT;SEASHELLS;4898;7
89700;;;STARFRUIT;SEASHELLS;4898;2
89700;;;STRAWBERRIES;SEASHELLS;3979;8
89700;;;STARFRUIT;SEASHELLS;4897;1
89800;;;ROSES;SEASHELLS;13622;3
89800;;SUBMISSION;ORCHIDS;SEASHELLS;1106;9
90000;;;CHOCOLATE;SEASHELLS;7842;10
90200;;;STRAWBERRIES;SEASHELLS;3980;5
90200;SUBMISSION;;AMETHYSTS;SEASHELLS;9998;1
90200;;;ROSES;SEASHELLS;13630;3
90300;SUBMISSION;;AMETHYSTS;SEASHELLS;9998;2
90500;;SUBMISSION;AMETHYSTS;SEASHELLS;10002;6
90700;;SUBMISSION;AMETHYSTS;SEASHELLS;10002;3
90800;;;STARFRUIT;SEASHELLS;4891;1
90900;SUBMISSION;;AMETHYSTS;SEASHELLS;9998;1
91300;SUBMISSION;;AMETHYSTS;SEASHELLS;9998;6
91400;SUBMISSION;;STARFRUIT;SEASHELLS;4893;6
91400;;;COCONUT_COUPON;SEASHELLS;593;19
91400;;;ROSES;SEASHELLS;13631;1
91400;SUBMISSION;;AMETHYSTS;SEASHELLS;10000;6
91600;;;CHOCOLATE;SEASHELLS;7841;6
91600;SUBMISSION;;AMETHYSTS;SEASHELLS;9998;11
91600;;;AMETHYSTS;SEASHELLS;10002;1
91700;;SUBMISSION;ORCHIDS;SEASHELLS;1113;5
91800;;;STARFRUIT;SEASHELLS;4890;1
91900;SUBMISSION;;STARFRUIT;SEASHELLS;4890;1
91900;;;STRAWBERRIES;SEASHELLS;3982;4
91900;SUBMISSION;;AMETHYSTS;SEASHELLS;9996;1
92000;;;CHOCOLATE;SEASHELLS;7841;4
92000;;;STRAWBERRIES;SEASHELLS;3982;7
92100;;;STARFRUIT;SEASHELLS;4890;1
92100;;;CHOCOLATE;SEASHELLS;7842;5
92100;;SUBMISSION;AMETHYSTS;SEASHELLS;10002;12
92200;SUBMISSION;;AMETHYSTS;SEASHELLS;9998;1
92300;;SUBMISSION;STARFRUIT;SEASHELLS;4896;8
92400;;;STARFRUIT;SEASHELLS;4890;1
92600;SUBMISSION;;AMETHYSTS;SEASHELLS;9998;1
92600;;;GIFT_BASKET;SEASHELLS;69200;2
92600;SUBMISSION;;STARFRUIT;SEASHELLS;4892;5
92600;SUBMISSION;;STARFRUIT;SEASHELLS;4892;13
92600;;;STARFRUIT;SEASHELLS;4891;1
92700;;;STARFRUIT;SEASHELLS;4891;1
92700;;;GIFT_BASKET;SEASHELLS;69201;8
92700;;;ROSES;SEASHELLS;13636;3
92800;;;ROSES;SEASHELLS;13643;4
92800;;;STRAWBERRIES;SEASHELLS;3982;11
92800;;;STRAWBERRIES;SEASHELLS;3983;6
92800;;SUBMISSION;STARFRUIT;SEASHELLS;4896;1
92900;;;STRAWBERRIES;SEASHELLS;3982;3
93000;SUBMISSION;;STARFRUIT;SEASHELLS;4893;1
93000;SUBMISSION;;AMETHYSTS;SEASHELLS;9996;1
93200;;;GIFT_BASKET;SEASHELLS;69170;1
93300;;SUBMISSION;ORCHIDS;SEASHELLS;1113;5
93300;;SUBMISSION;STARFRUIT;SEASHELLS;4897;1
93400;;;AMETHYSTS;SEASHELLS;10002;1
93400;;SUBMISSION;AMETHYSTS;SEASHELLS;10002;2
93500;;;ROSES;SEASHELLS;13647;4
93600;;;STRAWBERRIES;SEASHELLS;3982;8
93600;;;COCONUT_COUPON;SEASHELLS;602;10
93700;;;ROSES;SEASHELLS;13647;5
93700;SUBMISSION;;AMETHYSTS;SEASHELLS;9998;11
93700;;;STARFRUIT;SEASHELLS;4892;1
93700;;SUBMISSION;STARFRUIT;SEASHELLS;4898;15
93800;;SUBMISSION;AMETHYSTS;SEASHELLS;10002;4
94000;;;CHOCOLATE;SEASHELLS;7839;5
94300;SUBMISSION;;AMETHYSTS;SEASHELLS;9998;1
94300;;;AMETHYSTS;SEASHELLS;9998;2
94300;SUBMISSION;;AMETHYSTS;SEASHELLS;9998;2
94400;;;COCONUT_COUPON;SEASHELLS;597;13
94400;;;COCONUT;SEASHELLS;9879;7
94500;;;STRAWBERRIES;SEASHELLS;3983;5
94600;SUBMISSION;;AMETHYSTS;SEASHELLS;9998;2
94600;;;AMETHYSTS;SEASHELLS;9998;1
94700;;SUBMISSION;AMETHYSTS;SEASHELLS;10001;8
94800;;SUBMISSION;AMETHYSTS;SEASHELLS;10002;3
94900;;;CHOCOLATE;SEASHELLS;7839;5
94900;;SUBMISSION;STARFRUIT;SEASHELLS;4897;2
95000;;SUBMISSION;AMETHYSTS;SEASHELLS;10003;2
95200;;;CHOCOLATE;SEASHELLS;7836;7
95200;;;ROSES;SEASHELLS;13670;5
95300;;;STARFRUIT;SEASHELLS;4893;2
95300;;;STARFRUIT;SEASHELLS;4893;1
95400;SUBMISSION;;AMETHYSTS;SEASHELLS;9996;1
95400;;;ROSES;SEASHELLS;13672;1
95400;SUBMISSION;;STARFRUIT;SEASHELLS;4892;1
95600;;;STRAWBERRIES;SEASHELLS;3982;4
95700;;SUBMISSION;AMETHYSTS;SEASHELLS;10002;1
95800;;;COCONUT;SEASHELLS;9874;5
96000;SUBMISSION;;AMETHYSTS;SEASHELLS;9998;1
96000;;;STARFRUIT;SEASHELLS;4897;1
96000;;;COCONUT_COUPON;SEASHELLS;594;18
96100;;;AMETHYSTS;SEASHELLS;10002;1
96100;;SUBMISSION;STARFRUIT;SEASHELLS;4897;1
96100;;;COCONUT;SEASHELLS;9879;9
96100;;;CHOCOLATE;SEASHELLS;7836;7
96200;SUBMISSION;;AMETHYSTS;SEASHELLS;9998;1
96500;SUBMISSION;;AMETHYSTS;SEASHELLS;9998;1
96600;;;STARFRUIT;SEASHELLS;4898;3
96600;;;COCONUT_COUPON;SEASHELLS;591;16
96700;;;STARFRUIT;SEASHELLS;4899;1
96800;;;STRAWBERRIES;SEASHELLS;3980;11
96800;;;COCONUT;SEASHELLS;9873;6
96800;SUBMISSION;;AMETHYSTS;SEASHELLS;9998;1
96800;SUBMISSION;;AMETHYSTS;SEASHELLS;9998;8
97100;;SUBMISSION;AMETHYSTS;SEASHELLS;10000;3
97100;;;ROSES;SEASHELLS;13681;3
97200;;;STARFRUIT;SEASHELLS;4899;3
97300;;;COCONUT;SEASHELLS;9874;2
97400;SUBMISSION;;STARFRUIT;SEASHELLS;4896;2
97400;SUBMISSION;;AMETHYSTS;SEASHELLS;9997;2
97500;;;STARFRUIT;SEASHELLS;4895;1
97500;;SUBMISSION;AMETHYSTS;SEASHELLS;10002;8
97600;;;COCONUT;SEASHELLS;9873;8
97600;;SUBMISSION;AMETHYSTS;SEASHELLS;10002;4
97700;;SUBMISSION;STARFRUIT;SEASHELLS;4900;1
97800;;;ROSES;SEASHELLS;13680;5
98100;SUBMISSION;;AMETHYSTS;SEASHELLS;9998;5
98200;;;AMETHYSTS;SEASHELLS;10002;1
98300;;;CHOCOLATE;SEASHELLS;7833;6
98400;SUBMISSION;;STARFRUIT;SEASHELLS;4895;12
98600;;;COCONUT;SEASHELLS;9877;1
98600;;;STRAWBERRIES;SEASHELLS;3980;5
98600;;SUBMISSION;AMETHYSTS;SEASHELLS;10002;2
98700;;;AMETHYSTS;SEASHELLS;10000;4
98800;;;STRAWBERRIES;SEASHELLS;3978;6
98800;;;COCONUT;SEASHELLS;9876;7
98900;;;ROSES;SEASHELLS;13684;5
98900;SUBMISSION;;AMETHYSTS;SEASHELLS;9999;7
99000;;SUBMISSION;STARFRUIT;SEASHELLS;4899;8
99200;;;ORCHIDS;SEASHELLS;1115;5
99200;;;ROSES;SEASHELLS;13681;5
99300;;;COCONUT_COUPON;SEASHELLS;588;18
99300;;SUBMISSION;STARFRUIT;SEASHELLS;4900;2
99300;;SUBMISSION;AMETHYSTS;SEASHELLS;10003;2
99400;;;ROSES;SEASHELLS;13683;5
99500;;SUBMISSION;AMETHYSTS;SEASHELLS;10002;1
99600;;;STARFRUIT;SEASHELLS;4896;1
99600;;;COCONUT;SEASHELLS;9878;5
99900;;;COCONUT;SEASHELLS;9875;7
99900;;;GIFT_BASKET;SEASHELLS;69147;1
100100;;;STARFRUIT;SEASHELLS;4897;1
100200;;;COCONUT;SEASHELLS;9877;1
100300;;;AMETHYSTS;SEASHELLS;10002;4
100300;;;COCONUT_COUPON;SEASHELLS;590;13
100600;SUBMISSION;;STARFRUIT;SEASHELLS;4898;11
100600;;;STRAWBERRIES;SEASHELLS;3980;5
100800;;;AMETHYSTS;SEASHELLS;10002;5
100800;;SUBMISSION;AMETHYSTS;SEASHELLS;10002;7
100800;;SUBMISSION;AMETHYSTS;SEASHELLS;10002;0
100800;;;STARFRUIT;SEASHELLS;4903;1
100800;;;AMETHYSTS;SEASHELLS;10002;2
100900;;;COCONUT_COUPON;SEASHELLS;593;12
101200;SUBMISSION;;AMETHYSTS;SEASHELLS;9996;10
101200;;;STARFRUIT;SEASHELLS;4899;1
101300;;SUBMISSION;STARFRUIT;SEASHELLS;4904;1
101500;;SUBMISSION;STARFRUIT;SEASHELLS;4903;1
101500;SUBMISSION;;STARFRUIT;SEASHELLS;4899;4
101900;;SUBMISSION;AMETHYSTS;SEASHELLS;10002;12
101900;;;COCONUT_COUPON;SEASHELLS;591;14
102000;;SUBMISSION;STARFRUIT;SEASHELLS;4904;1
102100;;SUBMISSION;STARFRUIT;SEASHELLS;4904;2
102100;SUBMISSION;;STARFRUIT;SEASHELLS;4900;10
102100;;SUBMISSION;AMETHYSTS;SEASHELLS;10003;2
102400;SUBMISSION;;STARFRUIT;SEASHELLS;4900;5
102500;SUBMISSION;;STARFRUIT;SEASHELLS;4901;12
102500;;;CHOCOLATE;SEASHELLS;7826;7
102600;;;CHOCOLATE;SEASHELLS;7826;10
102700;;SUBMISSION;AMETHYSTS;SEASHELLS;10002;5
102800;;;ROSES;SEASHELLS;13697;2
102800;;;STARFRUIT;SEASHELLS;4900;1
103000;;;ROSES;SEASHELLS;13699;4
103000;;;STARFRUIT;SEASHELLS;4901;8
103100;;;CHOCOLATE;SEASHELLS;7827;8
103300;;;ROSES;SEASHELLS;13694;11
103300;;;COCONUT_COUPON;SEASHELLS;596;13
103400;;SUBMISSION;ORCHIDS;SEASHELLS;1118;3
103500;;;AMETHYSTS;SEASHELLS;9998;1
103500;;;CHOCOLATE;SEASHELLS;7827;7
103600;;;COCONUT_COUPON;SEASHELLS;596;15
103700;;;COCONUT_COUPON;SEASHELLS;597;13
103700;;;CHOCOLATE;SEASHELLS;7829;8
103800;;;STARFRUIT;SEASHELLS;4900;2
103800;;;STARFRUIT;SEASHELLS;4900;6
103900;;;COCONUT_COUPON;SEASHELLS;595;6
104000;;SUBMISSION;STARFRUIT;SEASHELLS;4904;1
104000;;;ORCHIDS;SEASHELLS;1118;3
104100;;;ROSES;SEASHELLS;13687;5
104200;;;CHOCOLATE;SEASHELLS;7826;8
104200;;SUBMISSION;AMETHYSTS;SEASHELLS;10002;1
104200;SUBMISSION;;AMETHYSTS;SEASHELLS;9997;7
104300;;SUBMISSION;AMETHYSTS;SEASHELLS;10004;4
104400;;;STARFRUIT;SEASHELLS;4900;1
104400;;SUBMISSION;AMETHYSTS;SEASHELLS;10002;1
104500;;SUBMISSION;STARFRUIT;SEASHELLS;4905;2
104500;;SUBMISSION;AMETHYSTS;SEASHELLS;10003;2
104600;;;CHOCOLATE;SEASHELLS;7826;8
104600;;;ROSES;SEASHELLS;13687;2
104800;;SUBMISSION;AMETHYSTS;SEASHELLS;10002;5
104800;;;COCONUT_COUPON;SEASHELLS;592;13
104900;;;AMETHYSTS;SEASHELLS;10005;2
104900;;SUBMISSION;STARFRUIT;SEASHELLS;4905;1
104900;;;AMETHYSTS;SEASHELLS;9998;1
105000;;;ROSES;SEASHELLS;13682;4
105000;;;AMETHYSTS;SEASHELLS;10004;1
105000;;SUBMISSION;STARFRUIT;SEASHELLS;4903;1
105200;;;STRAWBERRIES;SEASHELLS;3982;10
105200;;SUBMISSION;STARFRUIT;SEASHELLS;4905;1
105200;SUBMISSION;;STARFRUIT;SEASHELLS;4904;5
105300;;SUBMISSION;STARFRUIT;SEASHELLS;4904;3
105400;;;COCONUT_COUPON;SEASHELLS;587;13
105500;;;AMETHYSTS;SEASHELLS;10002;1
105500;;;STRAWBERRIES;SEASHELLS;3981;9
105500;;SUBMISSION;STARFRUIT;SEASHELLS;4905;1
105500;;;CHOCOLATE;SEASHELLS;7826;6
105600;;;AMETHYSTS;SEASHELLS;10004;1
105600;;;CHOCOLATE;SEASHELLS;7828;5
105600;;SUBMISSION;STARFRUIT;SEASHELLS;4905;1
105600;;;CHOCOLATE;SEASHELLS;7826;9
105700;;;AMETHYSTS;SEASHELLS;10004;3
105700;;;AMETHYSTS;SEASHELLS;10004;1
105700;;;AMETHYSTS;SEASHELLS;10002;1
106100;;SUBMISSION;ORCHIDS;SEASHELLS;1119;3
106200;;;STARFRUIT;SEASHELLS;4906;1
106200;;;COCONUT_COUPON;SEASHELLS;588;19
106200;;SUBMISSION;STARFRUIT;SEASHELLS;4906;9
106300;;SUBMISSION;STARFRUIT;SEASHELLS;4906;1
106300;;;AMETHYSTS;SEASHELLS;10002;1
106400;SUBMISSION;;AMETHYSTS;SEASHELLS;9998;1
106400;;;STARFRUIT;SEASHELLS;4901;1
106400;;;COCONUT_COUPON;SEASHELLS;589;15
106500;SUBMISSION;;AMETHYSTS;SEASHELLS;9997;2
106500;;;CHOCOLATE;SEASHELLS;7826;6
106500;SUBMISSION;;AMETHYSTS;SEASHELLS;9997;6
106500;SUBMISSION;;STARFRUIT;SEASHELLS;4902;2
106700;;SUBMISSION;COCONUT;SEASHELLS;9871;1
106800;;SUBMISSION;STARFRUIT;SEASHELLS;4906;1
106900;;;STARFRUIT;SEASHELLS;4902;1
107100;;;STARFRUIT;SEASHELLS;4906;6
107100;;SUBMISSION;STARFRUIT;SEASHELLS;4906;3
107200;SUBMISSION;;STARFRUIT;SEASHELLS;4903;9
107200;;;COCONUT_COUPON;SEASHELLS;584;7
107200;;;COCONUT_COUPON;SEASHELLS;584;11
107200;;;COCONUT_COUPON;SEASHELLS;584;13
107400;SUBMISSION;;STARFRUIT;SEASHELLS;4903;8
107500;SUBMISSION;;AMETHYSTS;SEASHELLS;9998;1
107600;SUBMISSION;;STARFRUIT;SEASHELLS;4906;1
107700;;SUBMISSION;AMETHYSTS;SEASHELLS;10003;6
107800;;;ROSES;SEASHELLS;13698;3
107800;SUBMISSION;;AMETHYSTS;SEASHELLS;9998;1
107900;;SUBMISSION;AMETHYSTS;SEASHELLS;10002;5
108000;;;ROSES;SEASHELLS;13696;5
108000;;;STARFRUIT;SEASHELLS;4902;1
108000;SUBMISSION;;AMETHYSTS;SEASHELLS;9999;2
108000;;;STARFRUIT;SEASHELLS;4902;2
108100;;;ROSES;SEASHELLS;13697;5
108100;SUBMISSION;;AMETHYSTS;SEASHELLS;9999;2
108100;;SUBMISSION;AMETHYSTS;SEASHELLS;10002;1
108100;;;STARFRUIT;SEASHELLS;4902;2
108200;;;ROSES;SEASHELLS;13697;1
108200;;;CHOCOLATE;SEASHELLS;7825;7
108400;;SUBMISSION;STARFRUIT;SEASHELLS;4907;12
108400;;SUBMISSION;COCONUT;SEASHELLS;9864;1
108500;SUBMISSION;;COCONUT;SEASHELLS;9868;1
108500;;;ROSES;SEASHELLS;13692;2
108500;;SUBMISSION;STARFRUIT;SEASHELLS;4908;7
108800;;;GIFT_BASKET;SEASHELLS;69143;6
109100;SUBMISSION;;STARFRUIT;SEASHELLS;4903;1
109100;;;CHOCOLATE;SEASHELLS;7828;7
109200;;;AMETHYSTS;SEASHELLS;10002;1
109300;;;GIFT_BASKET;SEASHELLS;69124;10
109400;;;CHOCOLATE;SEASHELLS;7826;6
109400;;;STRAWBERRIES;SEASHELLS;3983;6
109400;;;ROSES;SEASHELLS;13677;4
109700;SUBMISSION;;AMETHYSTS;SEASHELLS;9997;2
109700;;SUBMISSION;AMETHYSTS;SEASHELLS;10002;1
109700;SUBMISSION;;STARFRUIT;SEASHELLS;4903;2
109700;;;ROSES;SEASHELLS;13673;1
109700;;;COCONUT;SEASHELLS;9868;7
109800;;SUBMISSION;AMETHYSTS;SEASHELLS;10002;4
109800;;;AMETHYSTS;SEASHELLS;10002;1
109800;;;AMETHYSTS;SEASHELLS;10005;3
110000;SUBMISSION;;AMETHYSTS;SEASHELLS;9998;2
110000;SUBMISSION;;AMETHYSTS;SEASHELLS;10000;2
110000;SUBMISSION;;STARFRUIT;SEASHELLS;4904;2
110100;;;GIFT_BASKET;SEASHELLS;69127;8
110100;;SUBMISSION;STARFRUIT;SEASHELLS;4907;2
110100;;;AMETHYSTS;SEASHELLS;10005;2
110100;;SUBMISSION;AMETHYSTS;SEASHELLS;10004;3
110100;;SUBMISSION;AMETHYSTS;SEASHELLS;10002;1
110200;;;STARFRUIT;SEASHELLS;4902;1
110200;;SUBMISSION;ORCHIDS;SEASHELLS;1114;10
110200;;;COCONUT_COUPON;SEASHELLS;589;15
110400;SUBMISSION;;STARFRUIT;SEASHELLS;4906;16
110400;;SUBMISSION;STARFRUIT;SEASHELLS;4907;1
110400;;;STRAWBERRIES;SEASHELLS;3982;5
110500;SUBMISSION;;AMETHYSTS;SEASHELLS;9998;1
110500;;;CHOCOLATE;SEASHELLS;7827;5
110600;;SUBMISSION;COCONUT;SEASHELLS;9864;1
110700;;;CHOCOLATE;SEASHELLS;7831;6
110800;;;COCONUT_COUPON;SEASHELLS;586;15
110800;;;STRAWBERRIES;SEASHELLS;3980;6
110900;SUBMISSION;;AMETHYSTS;SEASHELLS;9998;1
110900;;;COCONUT;SEASHELLS;9865;9
110900;;;STARFRUIT;SEASHELLS;4905;1
110900;;SUBMISSION;STARFRUIT;SEASHELLS;4905;2
110900;SUBMISSION;;COCONUT;SEASHELLS;9866;1
111000;;SUBMISSION;AMETHYSTS;SEASHELLS;10002;2
111000;;;ROSES;SEASHELLS;13676;3
111100;SUBMISSION;;AMETHYSTS;SEASHELLS;9998;1
111100;;;STARFRUIT;SEASHELLS;4902;3
111100;;;STARFRUIT;SEASHELLS;4902;1
111200;SUBMISSION;;AMETHYSTS;SEASHELLS;9998;1
111200;SUBMISSION;;STARFRUIT;SEASHELLS;4902;2
111400;;SUBMISSION;AMETHYSTS;SEASHELLS;10002;1
111400;;SUBMISSION;COCONUT;SEASHELLS;9864;1
111500;;;COCONUT_COUPON;SEASHELLS;586;15
111500;;;COCONUT_COUPON;SEASHELLS;586;1
111500;;;ROSES;SEASHELLS;13675;3
111600;;;COCONUT_COUPON;SEASHELLS;586;11
111700;SUBMISSION;;STARFRUIT;SEASHELLS;4900;1
111800;;;STRAWBERRIES;SEASHELLS;3980;5
111800;;;STARFRUIT;SEASHELLS;4899;7
111800;;SUBMISSION;ORCHIDS;SEASHELLS;1117;8
111900;SUBMISSION;;AMETHYSTS;SEASHELLS;9998;1
111900;;;STARFRUIT;SEASHELLS;4905;1
112000;;SUBMISSION;STARFRUIT;SEASHELLS;4904;10
112100;;;STRAWBERRIES;SEASHELLS;3981;6
112200;;;CHOCOLATE;SEASHELLS;7832;5
112300;;;STARFRUIT;SEASHELLS;4900;1
112400;SUBMISSION;;STARFRUIT;SEASHELLS;4901;10
112500;;;STRAWBERRIES;SEASHELLS;3982;6
112700;;SUBMISSION;AMETHYSTS;SEASHELLS;10004;2
112700;;SUBMISSION;STARFRUIT;SEASHELLS;4907;2
112700;;SUBMISSION;COCONUT;SEASHELLS;9857;1
112800;;;AMETHYSTS;SEASHELLS;10002;1
112900;;;ROSES;SEASHELLS;13661;3
113000;SUBMISSION;;AMETHYSTS;SEASHELLS;9998;1
113100;;;STARFRUIT;SEASHELLS;4903;9
113100;;;CHOCOLATE;SEASHELLS;7834;7
113100;SUBMISSION;;STARFRUIT;SEASHELLS;4903;2
113200;;;STRAWBERRIES;SEASHELLS;3981;11
113200;;SUBMISSION;AMETHYSTS;SEASHELLS;10002;1
113200;SUBMISSION;;COCONUT;SEASHELLS;9860;1
113300;;;STRAWBERRIES;SEASHELLS;3982;8
113300;;SUBMISSION;COCONUT;SEASHELLS;9857;1
113300;;SUBMISSION;ORCHIDS;SEASHELLS;1118;9
113400;SUBMISSION;;COCONUT;SEASHELLS;9860;1
113400;;SUBMISSION;STARFRUIT;SEASHELLS;4906;3
113500;;;COCONUT;SEASHELLS;9856;6
113500;;SUBMISSION;COCONUT;SEASHELLS;9856;1
113600;;;GIFT_BASKET;SEASHELLS;69134;4
113600;;;ROSES;SEASHELLS;13666;5
113700;SUBMISSION;;COCONUT;SEASHELLS;9860;1
113700;SUBMISSION;;STARFRUIT;SEASHELLS;4902;1
113700;SUBMISSION;;AMETHYSTS;SEASHELLS;9997;8
113800;;;GIFT_BASKET;SEASHELLS;69118;1
113900;;SUBMISSION;STARFRUIT;SEASHELLS;4906;9
113900;;;STRAWBERRIES;SEASHELLS;3982;10
113900;;SUBMISSION;ORCHIDS;SEASHELLS;1118;10
114100;SUBMISSION;;AMETHYSTS;SEASHELLS;9998;6
114100;;;STRAWBERRIES;SEASHELLS;3982;10
114200;;;CHOCOLATE;SEASHELLS;7831;5
114300;;;COCONUT;SEASHELLS;9863;5
114500;;;ROSES;SEASHELLS;13664;2
114600;;;STRAWBERRIES;SEASHELLS;3984;9
114600;;;AMETHYSTS;SEASHELLS;9998;1
114600;;;STARFRUIT;SEASHELLS;4901;1
114600;SUBMISSION;;AMETHYSTS;SEASHELLS;9998;3
114700;;SUBMISSION;STARFRUIT;SEASHELLS;4905;1
114700;;;COCONUT;SEASHELLS;9860;3
114800;;;GIFT_BASKET;SEASHELLS;69164;10
114800;;SUBMISSION;STARFRUIT;SEASHELLS;4903;4
114800;;;STARFRUIT;SEASHELLS;4901;2
114800;SUBMISSION;;STARFRUIT;SEASHELLS;4901;10
115000;SUBMISSION;;STARFRUIT;SEASHELLS;4901;1
115000;SUBMISSION;;AMETHYSTS;SEASHELLS;9996;1
115100;;;ROSES;SEASHELLS;13664;1
115100;;;STARFRUIT;SEASHELLS;4900;1
115400;;;ROSES;SEASHELLS;13660;10
115400;;;CHOCOLATE;SEASHELLS;7832;7
115600;;;STARFRUIT;SEASHELLS;4901;1
115600;;;STRAWBERRIES;SEASHELLS;3983;7
115700;SUBMISSION;;AMETHYSTS;SEASHELLS;9997;1
115700;SUBMISSION;;STARFRUIT;SEASHELLS;4902;1
115700;;;STARFRUIT;SEASHELLS;4901;1
115800;;;STRAWBERRIES;SEASHELLS;3983;10
115800;SUBMISSION;;STARFRUIT;SEASHELLS;4902;1
115800;SUBMISSION;;AMETHYSTS;SEASHELLS;9996;8
115900;SUBMISSION;;AMETHYSTS;SEASHELLS;9998;3
116000;;;COCONUT_COUPON;SEASHELLS;594;5
116000;;;COCONUT_COUPON;SEASHELLS;594;15
116100;SUBMISSION;;AMETHYSTS;SEASHELLS;9996;4
116100;;SUBMISSION;AMETHYSTS;SEASHELLS;10000;5
116400;;;STARFRUIT;SEASHELLS;4902;1
116400;;;GIFT_BASKET;SEASHELLS;69182;1
116400;SUBMISSION;;STARFRUIT;SEASHELLS;4904;3
116400;;;CHOCOLATE;SEASHELLS;7836;5
116400;SUBMISSION;;AMETHYSTS;SEASHELLS;9997;1
116500;;;STRAWBERRIES;SEASHELLS;3984;10
116500;;;COCONUT_COUPON;SEASHELLS;594;14
116600;;SUBMISSION;STARFRUIT;SEASHELLS;4907;1
116700;;;COCONUT_COUPON;SEASHELLS;594;20
116700;;SUBMISSION;AMETHYSTS;SEASHELLS;10002;4
116800;;;STARFRUIT;SEASHELLS;4907;1
116900;;;COCONUT;SEASHELLS;9865;5
116900;SUBMISSION;;AMETHYSTS;SEASHELLS;9998;1
116900;;;AMETHYSTS;SEASHELLS;9998;2
116900;SUBMISSION;;COCONUT;SEASHELLS;9866;1
117000;;SUBMISSION;COCONUT;SEASHELLS;9864;1
117000;;;CHOCOLATE;SEASHELLS;7839;7
117000;;SUBMISSION;STARFRUIT;SEASHELLS;4906;5
117000;;SUBMISSION;AMETHYSTS;SEASHELLS;10002;1
117100;;;CHOCOLATE;SEASHELLS;7837;6
117300;;;CHOCOLATE;SEASHELLS;7838;6
117400;SUBMISSION;;AMETHYSTS;SEASHELLS;9998;1
117500;SUBMISSION;;AMETHYSTS;SEASHELLS;9998;4
117500;;SUBMISSION;ORCHIDS;SEASHELLS;1116;5
117700;;;COCONUT;SEASHELLS;9860;6
117900;;;AMETHYSTS;SEASHELLS;10002;1
117900;;SUBMISSION;AMETHYSTS;SEASHELLS;10002;3
118000;;;ROSES;SEASHELLS;13664;1
118000;;SUBMISSION;AMETHYSTS;SEASHELLS;10002;1
118000;;SUBMISSION;COCONUT;SEASHELLS;9857;1
118100;SUBMISSION;;STARFRUIT;SEASHELLS;4903;2
118100;SUBMISSION;;COCONUT;SEASHELLS;9860;1
118200;;;STRAWBERRIES;SEASHELLS;3983;7
118300;;SUBMISSION;COCONUT;SEASHELLS;9857;1
118300;;;GIFT_BASKET;SEASHELLS;69210;1
118300;;;GIFT_BASKET;SEASHELLS;69209;4
118300;;SUBMISSION;STARFRUIT;SEASHELLS;4907;2
118300;;;STARFRUIT;SEASHELLS;4907;1
118300;;;COCONUT_COUPON;SEASHELLS;584;15
118300;SUBMISSION;;AMETHYSTS;SEASHELLS;9998;1
118400;;SUBMISSION;STARFRUIT;SEASHELLS;4908;1
118500;;;CHOCOLATE;SEASHELLS;7836;8
118500;;;COCONUT;SEASHELLS;9855;7
118600;;;COCONUT_COUPON;SEASHELLS;584;11
118600;SUBMISSION;;STARFRUIT;SEASHELLS;4903;1
118700;;SUBMISSION;ORCHIDS;SEASHELLS;1116;100
118700;;;GIFT_BASKET;SEASHELLS;69224;2
118700;;;STRAWBERRIES;SEASHELLS;3982;8
118800;;;COCONUT;SEASHELLS;9856;7
118800;;SUBMISSION;AMETHYSTS;SEASHELLS;10001;1
118800;SUBMISSION;;AMETHYSTS;SEASHELLS;9998;1
118800;;SUBMISSION;STARFRUIT;SEASHELLS;4908;1
118900;;SUBMISSION;STARFRUIT;SEASHELLS;4908;1
118900;;SUBMISSION;AMETHYSTS;SEASHELLS;10003;1
118900;;;COCONUT_COUPON;SEASHELLS;583;14
119000;;SUBMISSION;ORCHIDS;SEASHELLS;1116;5
119000;;;COCONUT_COUPON;SEASHELLS;581;19
119100;;SUBMISSION;STARFRUIT;SEASHELLS;4906;10
119100;;;STRAWBERRIES;SEASHELLS;3981;10
119100;;;ROSES;SEASHELLS;13682;1
119100;;;GIFT_BASKET;SEASHELLS;69242;2
119400;SUBMISSION;;STARFRUIT;SEASHELLS;4906;19
119400;;SUBMISSION;AMETHYSTS;SEASHELLS;10000;4
119500;;SUBMISSION;ORCHIDS;SEASHELLS;1114;100
119500;;;STRAWBERRIES;SEASHELLS;3981;5
119600;;SUBMISSION;COCONUT;SEASHELLS;9851;1
119800;;SUBMISSION;AMETHYSTS;SEASHELLS;10002;2
119800;;;STARFRUIT;SEASHELLS;4903;2
119800;SUBMISSION;;AMETHYSTS;SEASHELLS;9999;2
119900;;SUBMISSION;STARFRUIT;SEASHELLS;4908;8
119900;;SUBMISSION;AMETHYSTS;SEASHELLS;10002;1
119900;;;STARFRUIT;SEASHELLS;4905;2
119900;;;COCONUT_COUPON;SEASHELLS;579;12
120000;;;COCONUT_COUPON;SEASHELLS;579;20
120000;;;COCONUT_COUPON;SEASHELLS;579;7
120000;SUBMISSION;;COCONUT;SEASHELLS;9853;1
120000;;;COCONUT_COUPON;SEASHELLS;579;3
120100;;SUBMISSION;AMETHYSTS;SEASHELLS;10002;1
120300;;SUBMISSION;STARFRUIT;SEASHELLS;4910;1
120300;;;STRAWBERRIES;SEASHELLS;3983;8
120400;;;COCONUT;SEASHELLS;9855;8
120600;;;GIFT_BASKET;SEASHELLS;69263;5
120600;;SUBMISSION;ORCHIDS;SEASHELLS;1115;100
120600;;SUBMISSION;AMETHYSTS;SEASHELLS;10002;1
120800;;;STRAWBERRIES;SEASHELLS;3982;10
120900;;SUBMISSION;ORCHIDS;SEASHELLS;1115;100
120900;;SUBMISSION;COCONUT;SEASHELLS;9850;1
121000;;;ROSES;SEASHELLS;13700;4
121000;SUBMISSION;;STARFRUIT;SEASHELLS;4906;4
121100;SUBMISSION;;STARFRUIT;SEASHELLS;4906;2
121100;;;COCONUT_COUPON;SEASHELLS;578;9
121200;;;CHOCOLATE;SEASHELLS;7827;4
121400;;;ROSES;SEASHELLS;13705;2
121400;;;COCONUT_COUPON;SEASHELLS;580;10
121500;;;STRAWBERRIES;SEASHELLS;3981;8
121500;;SUBMISSION;AMETHYSTS;SEASHELLS;10002;1
121500;;SUBMISSION;STARFRUIT;SEASHELLS;4909;6
121500;;;COCONUT;SEASHELLS;9845;9
121600;;;CHOCOLATE;SEASHELLS;7830;6
121600;;SUBMISSION;COCONUT;SEASHELLS;9843;1
121600;;SUBMISSION;ORCHIDS;SEASHELLS;1116;7
121700;;;STRAWBERRIES;SEASHELLS;3980;5
121700;;;CHOCOLATE;SEASHELLS;7827;10
121700;;;COCONUT_COUPON;SEASHELLS;577;16
121800;;;CHOCOLATE;SEASHELLS;7826;4
121800;;;COCONUT;SEASHELLS;9840;8
121900;;;GIFT_BASKET;SEASHELLS;69245;3
122000;SUBMISSION;;STARFRUIT;SEASHELLS;4905;1
122000;;;AMETHYSTS;SEASHELLS;9998;1
122000;SUBMISSION;;AMETHYSTS;SEASHELLS;9999;1
122200;SUBMISSION;;AMETHYSTS;SEASHELLS;9999;5
122200;;SUBMISSION;STARFRUIT;SEASHELLS;4908;1
122200;;;ROSES;SEASHELLS;13693;4
122300;;SUBMISSION;ORCHIDS;SEASHELLS;1117;100
122300;;SUBMISSION;COCONUT;SEASHELLS;9838;1
122300;;;GIFT_BASKET;SEASHELLS;69211;2
122400;;;CHOCOLATE;SEASHELLS;7828;6
122400;;SUBMISSION;AMETHYSTS;SEASHELLS;10003;6
122600;;;STARFRUIT;SEASHELLS;4903;1
122600;;;GIFT_BASKET;SEASHELLS;69185;2
122600;;;ROSES;SEASHELLS;13684;5
122600;;;ROSES;SEASHELLS;13684;6
122700;;;ROSES;SEASHELLS;13682;4
122700;;;STRAWBERRIES;SEASHELLS;3978;10
122800;;;COCONUT_COUPON;SEASHELLS;571;12
122900;SUBMISSION;;STARFRUIT;SEASHELLS;4904;9
122900;;;STARFRUIT;SEASHELLS;4904;2
122900;;SUBMISSION;COCONUT;SEASHELLS;9831;1
122900;;;CHOCOLATE;SEASHELLS;7825;6
122900;;;AMETHYSTS;SEASHELLS;9998;1
123000;;SUBMISSION;ORCHIDS;SEASHELLS;1119;100
123000;SUBMISSION;;COCONUT;SEASHELLS;9833;1
123200;;SUBMISSION;STARFRUIT;SEASHELLS;4908;1
123200;;;STRAWBERRIES;SEASHELLS;3978;5
123400;;;GIFT_BASKET;SEASHELLS;69159;6
123500;;SUBMISSION;STARFRUIT;SEASHELLS;4909;1
123500;;SUBMISSION;COCONUT;SEASHELLS;9830;1
123500;;SUBMISSION;AMETHYSTS;SEASHELLS;10002;1
123700;;;COCONUT_COUPON;SEASHELLS;567;19
123700;;SUBMISSION;AMETHYSTS;SEASHELLS;10004;1
123700;;SUBMISSION;STARFRUIT;SEASHELLS;4907;1
123800;;;STARFRUIT;SEASHELLS;4903;1
123900;;;STARFRUIT;SEASHELLS;4904;1
123900;SUBMISSION;;COCONUT;SEASHELLS;9834;1
124000;;;GIFT_BASKET;SEASHELLS;69198;2
124000;SUBMISSION;;STARFRUIT;SEASHELLS;4905;1
124000;SUBMISSION;;AMETHYSTS;SEASHELLS;9997;1
124100;;;STRAWBERRIES;SEASHELLS;3979;5
124100;;SUBMISSION;STARFRUIT;SEASHELLS;4907;11
124200;;SUBMISSION;STARFRUIT;SEASHELLS;4908;8
124200;;;CHOCOLATE;SEASHELLS;7826;6
124400;;SUBMISSION;ORCHIDS;SEASHELLS;1119;100
124400;;;COCONUT_COUPON;SEASHELLS;570;15
124600;SUBMISSION;;STARFRUIT;SEASHELLS;4905;2
124600;SUBMISSION;;AMETHYSTS;SEASHELLS;9996;2
124600;SUBMISSION;;COCONUT;SEASHELLS;9840;1
124700;SUBMISSION;;STARFRUIT;SEASHELLS;4906;2
124700;;;COCONUT_COUPON;SEASHELLS;571;13
124700;SUBMISSION;;AMETHYSTS;SEASHELLS;9996;2
124800;;;COCONUT;SEASHELLS;9838;7
124800;;SUBMISSION;AMETHYSTS;SEASHELLS;10003;1
124800;SUBMISSION;;AMETHYSTS;SEASHELLS;9998;1
124800;;SUBMISSION;STARFRUIT;SEASHELLS;4910;1
124900;;;GIFT_BASKET;SEASHELLS;69207;2
125000;;SUBMISSION;COCONUT;SEASHELLS;9838;1
125100;;;AMETHYSTS;SEASHELLS;10002;1
125300;;;GIFT_BASKET;SEASHELLS;69197;1
125300;;;COCONUT;SEASHELLS;9835;7
125400;;;ROSES;SEASHELLS;13692;5
125400;;;GIFT_BASKET;SEASHELLS;69199;4
125500;;SUBMISSION;STARFRUIT;SEASHELLS;4910;1
125600;;;CHOCOLATE;SEASHELLS;7828;6
125600;;;STARFRUIT;SEASHELLS;4905;1
125700;;;STRAWBERRIES;SEASHELLS;3978;8
125700;;SUBMISSION;AMETHYSTS;SEASHELLS;10001;1
125700;;SUBMISSION;STARFRUIT;SEASHELLS;4910;1
125800;;;STARFRUIT;SEASHELLS;4910;1
125800;;;CHOCOLATE;SEASHELLS;7826;8
125900;;SUBMISSION;STARFRUIT;SEASHELLS;4910;1
126000;;SUBMISSION;AMETHYSTS;SEASHELLS;10004;2
126000;;SUBMISSION;STARFRUIT;SEASHELLS;4909;2
126000;;;STRAWBERRIES;SEASHELLS;3977;5
126100;;SUBMISSION;ORCHIDS;SEASHELLS;1121;100
126100;SUBMISSION;;AMETHYSTS;SEASHELLS;9998;1
126400;;;AMETHYSTS;SEASHELLS;10002;1
126500;;;CHOCOLATE;SEASHELLS;7828;8
126500;SUBMISSION;;STARFRUIT;SEASHELLS;4908;4
126600;;;COCONUT_COUPON;SEASHELLS;566;3
126600;;;GIFT_BASKET;SEASHELLS;69220;7
126600;;;ROSES;SEASHELLS;13703;4
126600;;;COCONUT_COUPON;SEASHELLS;566;17
126800;;;COCONUT_COUPON;SEASHELLS;564;19
126900;;SUBMISSION;AMETHYSTS;SEASHELLS;10002;3
127000;;;STARFRUIT;SEASHELLS;4904;1
127000;SUBMISSION;;STARFRUIT;SEASHELLS;4904;2
127100;;SUBMISSION;ORCHIDS;SEASHELLS;1128;3
127100;;SUBMISSION;STARFRUIT;SEASHELLS;4908;3
127200;;;CHOCOLATE;SEASHELLS;7824;7
127300;SUBMISSION;;STARFRUIT;SEASHELLS;4904;11
127300;;SUBMISSION;ORCHIDS;SEASHELLS;1125;100
127300;;;STARFRUIT;SEASHELLS;4908;1
127500;;SUBMISSION;AMETHYSTS;SEASHELLS;10002;1
127600;;;STRAWBERRIES;SEASHELLS;3977;10
127600;;;AMETHYSTS;SEASHELLS;9998;4
127700;;;COCONUT_COUPON;SEASHELLS;568;20
127700;;;COCONUT;SEASHELLS;9835;8
127800;;SUBMISSION;AMETHYSTS;SEASHELLS;10002;2
127900;SUBMISSION;;STARFRUIT;SEASHELLS;4906;3
127900;;;CHOCOLATE;SEASHELLS;7826;6
127900;SUBMISSION;;AMETHYSTS;SEASHELLS;10000;3
128000;;;GIFT_BASKET;SEASHELLS;69209;2
128000;;SUBMISSION;STARFRUIT;SEASHELLS;4909;2
128000;;SUBMISSION;AMETHYSTS;SEASHELLS;10001;2
128100;;;CHOCOLATE;SEASHELLS;7824;6
128100;;;STARFRUIT;SEASHELLS;4903;1
128200;SUBMISSION;;STARFRUIT;SEASHELLS;4904;8
128300;;SUBMISSION;AMETHYSTS;SEASHELLS;10003;1
128300;;SUBMISSION;STARFRUIT;SEASHELLS;4908;1
128300;;;STRAWBERRIES;SEASHELLS;3977;9
128300;;SUBMISSION;ORCHIDS;SEASHELLS;1124;100
128500;SUBMISSION;;STARFRUIT;SEASHELLS;4903;1
128500;SUBMISSION;;AMETHYSTS;SEASHELLS;9996;2
128600;;;STARFRUIT;SEASHELLS;4908;1
128600;;;COCONUT_COUPON;SEASHELLS;565;4
128600;;SUBMISSION;STARFRUIT;SEASHELLS;4906;12
128700;;SUBMISSION;STARFRUIT;SEASHELLS;4906;2
128700;;SUBMISSION;AMETHYSTS;SEASHELLS;10001;2
129100;;SUBMISSION;STARFRUIT;SEASHELLS;4907;1
129200;SUBMISSION;;AMETHYSTS;SEASHELLS;9997;7
129300;;;AMETHYSTS;SEASHELLS;10002;3
129300;SUBMISSION;;STARFRUIT;SEASHELLS;4905;5
129300;;;STARFRUIT;SEASHELLS;4908;1
129500;;SUBMISSION;ORCHIDS;SEASHELLS;1122;100
